2950 5060
163 567 216 632 De
235 558 439 633 Mothacib'us
455 563 522 630 εἰιε
539 561 749 630 Mothonibus
766 561 833 631 vid.
851 562 984 631 Miiller.
1003 563 1085 628 Dor.
1098 561 1150 642 11,
1168 583 1200 648 ρ.
1217 562 1263 629 46

90 678 126 734 et
143 679 213 734 not.
247 665 336 739 Quid
353 665 566 732 commovisse
585 664 734 730 videatur
753 663 988 751 Phylarohum‚
1014 675 1051 728 ut
1066 663 1263 730 mentionem

92 770 217 836 faceret
233 789 368 847 eorum,
395 767 457 834 vid.
476 788 575 852 supra
594 767 626 832 in
645 765 785 852 Proleg.
908 793 911 800 ·

161 869 280 936 Athen.
300 871 361 946 lv,
389 891 421 954 p.
444 870 528 950 141,
553 868 595 934 F.
641 865 812 956 Φύλαρχος
833 872 914 950 γοῦν
934 867 972 935 έν
993 872 1034 961 τῇ
1057 866 1264 934 πεντεκαιδε-

92 968 174 1065 κάτη
191 979 246 1048 καὶ
264 972 393 1061 εἰκοστῇ
419 966 500 1056 (scr.
521 972 658 1063 πέμπτη
680 977 735 1034 καῖ
757 969 904 1064 εἰκοστῇ)
927 975 995 1037 τῶν
1012 968 1167 1058 ἴστοριῶν
1183 966 1264 1036 τάδε

91 1071 213 1162 γράφει
235 1080 312 1160 περὶ
338 1069 447 1138 αὗτῶν
472 1070 536 1158 (ευ.
560 1076 627 1138 τῶν
650 1071 953 1160 Λακεδαιμονίων)ι
978 1069 1264 1155 ,Λακεδαιμόνιοι

91 1177 138 1249 εἰς
154 1182 217 1259 μὲν
232 1177 275 1240 τοὶ
293 1175 437 1260 φειδίτια
455 1170 512 1240 οῦκ
528 1167 665 1260 ἤρχοντο
682 1173 768 1238 κατὰ
790 1174 831 1240 τὸ
853 1171 997 1262 πάτριον
1021 1173 1116 1248 έθος·
1143 1171 1200 1240 ότε
1224 1173 1261 1238 δὲ

88 1285 147 1342 καῖ
171 1279 430 1364 παραγένοιντο,
456 1275 555 1362 μικρά
577 1281 886 1364 συμπεριενεχθεῖσι
914 1274 1016 1359 νόμον
1040 1273 1138 1363 χάριν
1160 1298 1263 1363 παρε·

18 1374 21 1378 ’
89 1376 264 1456 σκευάζετο
287 1387 342 1444 καὶ
366 1373 451 1442 ἄλλα
474 1373 602 1455 αάτοῖς,
629 1383 800 1465 στρωμναί
820 1402 857 1446 τε
879 1387 947 1452 τοῖς
968 1382 1145 1462 μεγέθεσιν
1161 1375 1263 1452 οὕτως

90 1481 305 1566 ἐξησκημέναι
335 1481 520 1553 πολυτελῶς
549 1487 603 1544 καὶ
629 1485 668 1572 τῇ
694 1481 842 1565 ποικιλία
869 1478 1053 1568 διαφόρως,
1086 1477 1172 1546 ῶστε
1195 1483 1263 1546 τῶν
1313 1495 1314 1499 ’

88 1587 197 1662 ξένων
219 1582 323 1656 ένίους
347 1587 414 1648 τῶν
437 1579 727 1669 παραληφθέντων
751 1579 858 1648 ὀκνεῖν
885 1583 947 1650 τδν
973 1579 1102 1664 άγκῶνα
1132 1581 1190 1648 έπῖ
1219 1581 1263 1646 τά

89 1682 340 1772 προςκεφάλαια
365 1684 517 1770 ἐρείδειν.
545 1681 580 1748 οἱ
601 1683 638 1748 δὲ
660 1681 824 1772 πρότερον
846 1684 902 1750 ἐπὶ
924 1689 984 1750 τοῦ
1004 1685 1184 1772 κλιντηρίου
1203 1697 1261 1772 ψι-

88 1789 152 1851 λοῦ
176 1785 460 1873 διακαρτεροῦντες
486 1787 541 1870 τῆς
563 1786 670 1870 κλίνης
691 1782 771 1874 παρ’
794 1783 874 1876 ὅλην
896 1786 956 1872 τὴν
979 1791 1159 1852 συνουσίαν
1165 1833 1179 1864 ,
1206 1782 1262 1851 ὅτε

88 1887 153 1954 τὸν
186 1884 316 1969 ἀγκῶνα
351 1886 441 1966 ἅπαξ
475 1887 657 1974 ἐρείσειαν,
699 1889 743 1962 εἰς
776 1887 836 1974 τὴν
868 1891 1105 1976 προειρημένην
1134 1887 1262 1975 τρυφὴν

89 1985 217 2074 ἦλθον,
244 1993 409 2076 ποτηρίων
431 1985 459 2053 τ’
483 1989 630 2062 ἐκθέσεις
653 1991 786 2055 πολλῶν
811 1997 865 2054 καὶ
888 1988 1070 2078 βρωμάτων
1094 1989 1261 2060 παντοδα-

89 2096 164 2164 πῶς
180 2096 411 2176 πεποιημένων
427 2094 632 2177 παραθέσεις
637 2139 650 2168 ,
677 2091 726 2156 ἔτι
750 2091 787 2157 δὲ
803 2090 915 2180 μόρων
932 2093 1193 2178 ἐξηλλαγμένων,
1220 2087 1262 2166 ῶς

90 2189 123 2257 δ’
148 2191 254 2266 αἱίτως
279 2195 378 2258 οἴνων
399 2200 453 2257 καὶ
476 2189 708 2279 τραγημάτων.
740 2199 795 2258 καῖ
817 2191 944 2259 τούτων
966 2189 1067 2281 η’ρξαν
1092 2191 1128 2258 οῖ
1147 2193 1262 2279 μικρδν
1372 2200 1374 2204 ’

89 2294 161 2382 πρδ
183 2295 388 2377 Κλεομένους
411 2292 682 2378 βασιλεύσαντες,
712 2289 822 2382 Ἀρεδς
851 2302 907 2360 καῖ
928 2291 1140 2382 Ἀκρότατος,
1171 2290 1261 2360 αὖλι-

89 2397 151 2482 κδην
174 2397 327 2474 ἐξουσίαν
352 2395 567 2482 ζηλώσαντες·
601 2393 656 2470 οὓς
680 2401 842 2476 τοσοῦτον
866 2391 964 2470 αὖθις
985 2393 1154 2486 ῦπερῆράν
1176 2419 1261 2471 τινες

89 2503 161 2564 τῶν
177 2498 316 2564 ἰδιωτῶν
329 2504 399 2564 τῶν
412 2499 452 2565 ἐν
470 2495 611 2592 Σπάρτη
627 2503 811 2584 γενομένων
827 2495 896 2564 κατ’
919 2499 1044 2566 ἐκεῖνον
1065 2499 1126 2566 τδν
1141 2497 1262 2587 χρόνον

88 2625 132 2692 τη
156 2601 413 2693 πολετελείηιτῇ
434 2595 511 2666 καθ’
535 2596 671 2679 αῦτοδς,
697 2599 785 2666 ὥστε
802 2601 916 2668 δοκεῖν
937 2602 998 2667 τὸν
1016 2597 1115 2688 ΙἈρέα
1130 2608 1186 2664 καὶ
1202 2601 1262 2668 var

85 2699 287 2788 Ἀκρότατον
311 2698 455 2788 εὐτελείᾳ
475 2699 605 2778 πάντας
629 2699 899 2789 ὑπερβεβληκέναι
918 2703 994 2776 τοῦς
1019 2698 1262 2788 όφελεστάτους

89 2808 161 2868 τῶν
182 2803 361 2892 πρότερον.
391 2805 577 2890 Κλεομένης
607 2805 643 2874 δε
672 2803 759 2870 πολι)
788 2795 1026 2890 διενέγκαςτρῖ
1054 2825 1098 2870 τε·
1115 2804 1261 2886 συνιδεῖν

90 2903 291 2993 πράγματα,
316 2911 425 2972 καίτοι
447 2911 520 2980 νέος
543 2903 609 2984 ῶν,
636 2907 792 2972 καὶκατὰ
814 2907 875 2993 τὴν
891 2906 1022 2976 δίαιταν
1039 2902 1262 2993 άφελέστατος

91 3011 240 3089 γέγονεν.
275 3004 332 3094 ἤδη
364 3009 424 3096 γὰρ
455 3006 651 3095 τηλικοῦτον
680 3006 883 3097 πραγμάτων
912 3005 1085 3096 ίγγοάμενος
1116 3001 1263 3095 έμφασὶν

91 3117 162 3182 τοῖς
177 3112 527 3198 παραλαμβανομένοις
543 3112 626 3199 πρὸς
647 3112 706 3197 τὴν
716 3117 849 3200 θυσίαν
869 3111 994 3189 ἐποίει,
1021 3108 1106 3176 διότι
1122 3111 1164 3175 τδι
1181 3107 1274 3199 παρ’”

92 3212 228 3286 ἐκείνοις
251 3217 318 3278 τῶν
340 3209 425 3302 παρ’
450 3209 552 3280 οῦτδν
574 3210 671 3280 οῦδὲν
693 3215 934 3301 καταδεέστερα
950 3215 999 3298 εἴη
1016 3210 1262 3301 παρασκευαζό-
1389 3219 1392 3226 ’

90 3337 197 3397 μενα.
224 3315 356 3380 πολλῶν
372 3315 408 3382 δὲ
425 3319 610 3403 πρεσβειῶν
624 3305 898 3402 παραγινομένων
921 3315 1005 3403 πρὸς
1024 3311 1146 3394 αὐτὸν,
1173 3310 1263 3381 οάδέ-

91 3439 178 3482 ποτε
193 3415 408 3504 ἐνωρίστερον
424 3422 483 3490 τοῦ
500 3421 751 3500 κατειθισμένου
770 3423 887 3503 συνῆγε
903 3420 1029 3506 καιροῦ,
1047 3418 1262 3484 πεντακλίνου

91 3542 130 3584 τε
155 3515 390 3606 διεστρώννυτο
415 3515 575 3586 οῦδέποτε
597 3522 730 3586 πλεῖον·
757 3519 812 3586 ὅτε
834 3521 870 3586 δὲ
893 3520 936 3605 μὴ
954 3523 1074 3607 παρείη
1091 3524 1262 3606 πρεσβεία,

92 3621 274 3707 τρίκλινον,
300 3629 354 3685 καῖ
371 3619 562 3709 πρόςταγμα
586 3619 642 3688 οῦκ
659 3623 787 3705 ἐγένετο
808 3619 855 3698 δι’
872 3619 1047 3708 ἐδεάτρου,
1073 3626 1122 3696 τίς
1139 3624 1264 3690 εἵσεται
1334 3657 1338 3664 ι

92 3728 148 3786 καῖ
169 3721 448 3808 κατακλιθήσεται
464 3729 612 3812 πρῶτος,
639 3721 709 3790 ἀλλ’
729 3721 747 3792 ὃ
764 3719 987 3814 πρεσβύτατος
1004 3719 1109 3808 ἡγεῖτο
1132 3724 1190 3789 ἐπὶ·
1206 3723 1265 3796 τοῖς

91 3825 221 3902 κλίνας,
248 3827 279 3890 εἰ
294 3823 337 3910 μῆ
354 3823 419 3892 τιν’
442 3823 539 3901 αίτδς
562 3829 835 3915 προςκαλέσαιτο.
860 3822 1123 3914 κατελαμβάνετο
1147 3825 1183 3890 δὲ
1205 3825 1262 3890 ἐπὶ

91 3927 132 3992 τδ
155 3927 240 3992 πολι)
265 3924 333 4010 μετ’
356 3925 504 4015 άδελφοῦ
526 3935 760 4012 κατεικείμενος
784 3925 902 4014 ἢμετά
931 3925 1018 4001 τινος
1050 3931 1117 3993 τῶν
1138 3922 1263 4013 ῖηλικιων

90 4033 177 4093 τῶν.
202 4030 262 4096 λπί
277 4054 314 4095 τε
329 4036 376 4096 τῶ
393 4031 525 4120 τρίποδι
542 4031 668 4123 φυκτδγρ
685 4032 822 4112 χαλκοῦς
844 4030 991 4102 ἐπέκειτο
1015 4036 1069 4094 καῖ
1091 4027 1188 4102 κάδος
1208 4035 1264 4093 καῖ

93 4137 239 4215 σκαφίον
263 4128 425 4222 ἀργυροῦν
446 4131 506 4203 δίο
520 4131 666 4210 ,κοτύλας
689 4138 817 4223 χωροῦν
845 4139 901 4198 καῖ
922 4130 1065 4210 κόαθος,
1091 4127 1110 4216 λη
1135 4127 1169 4194 δ’
1193 4130 1265 4196 snt-

91 4253 185 4313 χυσις
210 4235 327 4320 χαλκῆ.
355 4243 446 4303 πιεῖν
476 4237 512 4302 δὲ
541 4233 581 4302 οὐ
610 4241 848 4326 προςεφέρετο,
862 4236 907 4302 εἰ
935 4231 977 4318 μή
1007 4257 1056 4307 τις
1086 4231 1267 4319 αἰτήσειεν·

91 4335 221 4402 ἐδίδοτο
239 4336 276 4402 δε
294 4335 420 4412 κύαθος
437 4338 482 4412 εἷς
501 4338 569 4426 πρδ
586 4343 645 4408 τοῦ
663 4339 809 4406 δείπνου·
834 4337 875 4404 τδ
892 4337 928 4401 δὲ
944 4335 1030 4402 πολδ
1047 4332 1187 4424 πρώτω·
1211 4343 1266 4400 καῖ

97 4435 154 4504 ὅτε
178 4437 409 4526 πρυςνεόσειεν
434 4441 555 4515 ἐκεῖνος
561 4490 574 4524 ,
606 4439 707 4516 οδτως
732 4437 831 4538 ᾔτουν
859 4445 914 4508 καῖ
944 4435 979 4504 οἱ
1008 4439 1135 4506 λοιποί.
1168 4437 1211 4503 τά
1233 4438 1269 4504 δὲ
