2950 5060
530 465 833 476 *υκαι-...τια-

249 603 380 670 Χλιδών
396 625 433 668 τε
451 599 618 690 πλόκαμος
634 599 721 667 ὥστε
737 605 920 689 παρθένοις
936 600 1059 689 ἁβραῖς·

243 705 354 772 Ὅθεν
370 706 481 770 καλεῖν
500 705 651 792 Κουρῆτα
668 703 752 770 λαδν
767 700 899 798 ᾔνεσαν.

165 841 306 907 Curetes
324 851 361 905 ut
378 841 559 926 attingeret
580 839 802 926 Phylarchus,
828 840 1018 906 Aetolorum
1043 838 1179 904 tortasse
1197 837 1263 903 ori-

159 965 193 1007 οε
216 943 341 1028 copiam
368 940 524 1007 fecerant.
566 943 685 1008 Strabo
710 939 761 1018 X,
786 948 869 1022 αθ.
915 940 1165 1008 Nominisrutio
1187 930 1264 1004 ratic
1371 969 1374 976 ·

160 1055 287 1132 vagata.
323 1043 376 1109 (il.
396 1044 558 1130 Agathou.
577 1045 628 1130 up.
649 1044 767 1108 Athen.
785 1043 869 1121 XII,
897 1067 928 1129 p.
950 1049 1036 1122 528,
1057 1043 1096 1108 D.
1128 1043 1262 1106 Lobeclr
1293 1089 1296 1096 ,

155 1145 260 1232 leoph.
279 1167 310 1232 p.
329 1153 437 1212 1112.
472 1143 568 1232 Apud
587 1146 795 1210 Eustetthm
815 1169 847 1233 p.
867 1153 976 1225 1292,
997 1150 1057 1224 55,
1083 1165 1179 1232 quern
1194 1143 1263 1208 lau·

154 1259 177 1312 rt
191 1247 232 1312 de
245 1245 395 1335 Aeschyli
411 1243 493 1327 loco,
514 1269 573 1333 pro
585 1251 767 1334 παρθένοις
780 1245 892 1336 ἁβραῖς
903 1259 952 1313 est
964 1250 1137 1335 παρθένου
1153 1241 1262 1333 ἀβρᾶς.

167 1365 285 1430 Sutdas
303 1387 333 1430 v.
354 1363 476 1454 Τιάρα.
502 1363 622 1450 κόσμος
639 1363 883 1451 ἐπικεφάλαιος,
905 1364 945 1452 ήν
962 1363 997 1431 οἵ
1010 1367 1153 1451 βασιλεῖς
1168 1361 1264 1448 μόνοι

143 1466 205 1555 Ιτήν
227 1464 370 1556 ἐφόρουν
387 1467 481 1555 παρὰ
498 1470 661 1556 Πέρσαις,
689 1467 724 1534 οἵ
738 1469 779 1560 δέ
791 1475 965 1556 στρατηγοὶ
981 1469 1183 1552 κεκλιμένην.
1211 1473 1264 1530 καῖ
1342 1531 1345 1540 ,

138 1567 293 1658 ίμάρατος
317 1566 334 1636 ὃ
358 1568 615 1654 Λακεδαιμόνιος
621 1620 633 1648 ,
661 1569 695 1644 ὃς
714 1569 751 1656 δή
769 1571 852 1654 μετὰ
869 1570 996 1658 Ξέρξου
1014 1565 1116 1656 ήλθεν
1133 1570 1189 1634 ἐπὶ
1206 1569 1265 1641 τάς

148 1669 248 1756 ιήνας,
275 1672 334 1738 ἐπί
348 1697 436 1746 τινος
453 1668 621 1760 εὐημερίας
638 1671 905 1760 συγχωρήσαντος
927 1667 1016 1759 αάτηῖ
1033 1676 1091 1738 τοῦ
1107 1671 1265 1756 βασιλέως

148 1776 228 1838 λέλει
246 1771 472 1860 αἰτήσασθαι,
498 1771 640 1869 η’τήσατο
659 1776 696 1842 ἐν
714 1771 798 1868 ἀρθῇ
814 1780 853 1868 τή
871 1771 968 1861 τιάρφ
987 1775 1031 1848 εἰς
1049 1771 1188 1864 Σάρδεις
1206 1773 1264 1845 είς-

137 1873 232 1940 άσαι·
261 1872 302 1950 ὥς
322 1874 494 1964 Φύλαρχος
510 1877 547 1942 ἐν
564 1875 734 1964 ἑνδεκάτῳ.
776 1877 823 1943 Τὸ
841 1873 872 1941 δ’
888 1871 968 1942 αιἰτό
986 1894 1092 1962 φασιν
1109 1877 1194 1942 εἶναι
1211 1881 1265 1938 καῖ

142 1985 242 2066 λαριν.
273 1977 348 2043 Vid.
368 1979 519 2066 Xenoph.
538 1979 663 2067 Cyrop'.
684 1979 780 2059 VIII,
800 1985 835 2059 3,
859 1985 913 2047 13.
943 1977 1110 2044 Plutarch.
1129 1975 1264 2042 'Phemi-

135 2080 189 2144 tcl.
207 2088 253 2148 29
274 2089 307 2146 et
320 2081 463 2146 Sintenis
480 2079 522 2146 ad
542 2079 571 2145 h.
588 2081 607 2146 l.
628 2105 660 2168 p.
680 2085 759 2152 185.
778 2089 859 2150 186.
903 2079 970 2145 Pro
987 2085 1132 2167 κίθαριν,
1151 2101 1264 2168 quum-

132 2206 193 2247 ram
215 2181 276 2246 hoc
295 2203 356 2245 non
375 2182 513 2269 amplius
532 2183 696 2267 pertinere
720 2183 760 2248 ud
781 2183 1001 2269 Phylarchurn
1022 2182 1169 2258 videtur,
1198 2205 1264 2244 rne-

131 2307 160 2347 rs
173 2284 310 2348 sortasse
329 2286 455 2372 κίδαριν
475 2285 638 2350 scribitur.
674 2283 793 2351 Fidem
807 2296 915 2349 autem
930 2284 1005 2348 lucit
1019 2283 1147 2356 Suidas,
1165 2283 1263 2347 etiam

120 2384 314 2450 'lutarchum
334 2385 355 2450 l.
375 2387 394 2452 l.
411 2385 633 2476 Phylarchum
652 2398 728 2454 unte
746 2386 856 2454 oculos
874 2386 1032 2468 habuisse,
1059 2407 1155 2472 quem
1173 2393 1265 2450 certe

118 2493 194 2556 .32
227 2485 380 2554 laudavit.

587 2624 671 2683 mu.
686 2627 776 2683 ΧΠ.

166 2741 286 2806 Athen.
301 2742 404 2820 XIII,
429 2765 461 2828 p.
479 2748 565 2821 593,
578 2744 619 2816 B.
653 2741 790 2829 Δανάην
807 2743 841 2808 δὲ
860 2742 919 2828 τήν
933 2743 1091 2808 Λεοντίου
1109 2745 1164 2828 τής
1176 2737 1265 2806 ’Erre-

103 2848 244 2930 ιουρείου
268 2849 456 2932 θυγατέρα,
483 2843 725 2934 ἑταιριζομένην
748 2851 803 2929 καὶ
826 2841 940 2930 αάτήν,
969 2841 1122 2933 Σώφρων
1142 2845 1229 2924 εἶχεν
1248 2838 1266 2910 ὅ

103 2948 154 3009 ἔπι
171 2951 226 3030 τῆς
237 2941 399 3031 Ἐφέσου·
427 2943 471 3011 δι’
489 2945 529 3033 ἣν
546 2944 643 3022 αὐτὸς
660 2947 772 3034 ἐσώθη
790 2944 1077 3032 ἐπιβουλευόμενος
1093 2942 1158 3013 δπδ
1177 2948 1266 3012 Λαο·

98 3049 201 3132 δίκης,
229 3044 306 3132 ήδὲ
330 3055 610 3136 κατεκρημνίσθη,
636 3047 680 3125 ὡς
699 3048 818 3140 γράφει
846 3048 1017 3137 Φύλαρχος
1042 3049 1097 3114 διδ
1126 3053 1180 3134 τής
1205 3049 1265 3112 δω-

97 3148 229 3234 δεκάτης
246 3147 326 3216 τάδε
349 3147 396 3236 ,,ή
412 3147 574 3240 πάρεδρος
591 3154 752 3239 Λαοδίκης
769 3149 885 3237 Δανάη
901 3155 1120 3236 πιστευομένη
1136 3146 1191 3218 ὑπ’
1210 3145 1266 3215 αὖ·

98 3253 151 3336 τ’ής
167 3251 210 3315 τὰ
225 3249 353 3330 πάντα,
381 3254 539 3319 Λεοντίου
558 3255 594 3320 δὲ
611 3251 696 3321 οάσα
714 3261 768 3340 τής
783 3250 858 3337 μετ’
878 3250 1076 3340 Ἐπικούρου
1093 3258 1152 3320 τοῦ
1169 3271 1266 3338 φυσι-

94 3357 155 3418 κοῦ
172 3352 382 3439 σχολασάσης
397 3353 564 3444 θυγάτηρ,
592 3355 773 3444 Σώφρονος
790 3357 824 3422 δὲ
842 3363 992 3437 γεγονυῖα
1008 3352 1172 3443 πρότερον
1188 3354 1266 3442 ἐρω-

94 3459 195 3540 μένη,
222 3458 528 3544 παρακολουθοῦσα
545 3455 628 3524 διότι
646 3455 837 3525 ἀποκτεῖναι
853 3455 1004 3541 βούλεται
1021 3455 1081 3523 τδν
1098 3453 1266 3542 Σώφρονα

94 3553 290 3643 ήΔαοδίκη,
317 3555 459 3624 διανεόει
476 3565 522 3646 τῷ
540 3558 697 3650 Σώφρονι
714 3559 883 3648 μηνίουσα
900 3559 961 3644 τήν
976 3556 1166 3644 ἐπιβουλήν.
1195 3553 1212 3624 ὁ
1230 3557 1266 3623 δὲ

95 3659 272 3754 συλλαβών
285 3667 340 3724 καῖ
357 3668 590 3748 προςποιηθεῑς
605 3672 783 3752 συγχωρεῖν
799 3669 875 3749 περὶ
893 3655 940 3726 civ
952 3662 1057 3742 λέγει,
1082 3656 1133 3725 δύ’
1148 3657 1267 3747 ήμίρας

95 3759 310 3853 παρητήσοιτο
337 3763 381 3836 εἰς
405 3768 542 3854 σκέψιν.
569 3773 624 3830 καὶ
648 3762 917 3852 συγχωρησάσης,
943 3762 1055 3836 νυντδς
1078 3763 1198 3848 ἔφυγεν
1222 3763 1268 3838 εἰς

86 3856 251 3946 Ἔφεσον.
284 3869 445 3946 μαθοῦσα
469 3865 505 3932 δὲ
529 3863 548 3952 ή
572 3867 716 3953 Λαοδίκη
741 3868 778 3932 τδ
803 3871 946 3950 ποιηθὲν
966 3859 1032 3930 rimi
1049 3870 1103 3951 τής
1122 3863 1264 3951 Δανάης,

93 3962 328 4051 κατεκρήμνισε
345 3966 405 4052 τήν
423 3963 623 4055 ἄνθρωπον,
652 3965 747 4036 οὐδὲν
763 3973 830 4032 τῶν
846 3971 1132 4056 προγεγενημένων
1148 3969 1265 4052 φιλαν-

93 4062 244 4149 θρώπων
268 4063 588 4154 ἐπισυμβαλλομένη.
615 4061 729 4158 τήνδε
749 4067 902 4156 Δανάην,
930 4059 1055 4154 φασὶν,
1082 4066 1125 4144 ώς
1141 4065 1266 4162 ήσθετο

94 4166 155 4232 τὸν
171 4167 399 4268 ἐπηρτημένον
422 4167 503 4264 αότή
519 4173 689 4252 κίνδυνον,
716 4169 974 4260 ἀνακρινομένην
989 4167 1055 4238 ἀπὸ
1072 4177 1127 4257 τής
1143 4170 1265 4236 Λαοδί-

92 4291 167 4352 κης,
201 4266 275 4336 οὐδ’
303 4267 505 4360 ἀποκρίσεως
529 4270 631 4360 αάτήν
655 4273 809 4355 ἀξιώσαι·
842 4270 1053 4358 ἀπαγομένην
1077 4297 1114 4338 τε
1133 4273 1189 4338 ἐπὶ
1206 4271 1267 4338 τδν

90 4372 237 4456 κρημνὸν
260 4370 385 4453 εἰπεῖν,
412 4370 454 4448 cic
478 4373 606 4450 δικαίως
628 4377 664 4442 οῖ
679 4379 801 4444 ’πολλοὶ
821 4367 1067 4462 καταφρονοῦσι
1080 4378 1139 4440 τοῦ
1155 4377 1265 4451 θείου,

90 4469 150 4538 ὅτε
172 4473 235 4554 ἐγώ
259 4481 321 4558 μὲν
343 4475 404 4543 τδν
426 4473 601 4561 γενόμενόν
616 4503 672 4562 μοι
693 4475 798 4566 ἀνδρα
816 4475 958 4543 σώσασα
975 4472 1130 4560 τοιαύτην
1146 4473 1266 4565 χάριτα
