<?xml version="1.0" encoding="UTF-8"?>
<!DOCTYPE html PUBLIC "-//W3C//DTD XHTML 1.0 Transitional//EN"
    "http://www.w3.org/TR/xhtml1/DTD/xhtml1-transitional.dtd">
<html xmlns="http://www.w3.org/1999/xhtml" xml:lang="en" lang="en">
 <head>
  <title>
</title>
<meta http-equiv="Content-Type" content="text/html;charset=utf-8" />
  <meta name='ocr-system' content='tesseract 3.04.00' />
  <meta name='ocr-capabilities' content='ocr_page ocr_carea ocr_par ocr_line ocrx_word'/>
</head>
<body>
  <div class='ocr_page' id='page_1' title='image "./historiarumreli00phylgoog_0055.png"; bbox 0 0 2950 5060; ppageno 0'>
   <div class='ocr_carea' id='block_1_1' title="bbox 779 369 847 440">
    <p class='ocr_par' dir='ltr' id='par_1_1' title="bbox 779 369 847 440">
     <span class='ocr_line' id='line_1_1' title="bbox 779 369 847 440; baseline 0.015 -1"><span class='ocrx_word' id='word_1_1' title='bbox 779 369 847 440; x_wconf 68' lang='lat'><strong><em>4¹</em></strong></span> 
     </span>
    </p>
   </div>
   <div class='ocr_carea' id='block_1_2' title="bbox 530 704 1142 778">
    <p class='ocr_par' dir='ltr' id='par_1_2' title="bbox 530 704 1142 778">
     <span class='ocr_line' id='line_1_2' title="bbox 530 704 1142 778; baseline -0.003 -12"><span class='ocrx_word' id='word_1_2' title='bbox 530 706 762 778; x_wconf 65' lang='lat' dir='ltr'><strong><em>Frumento</em></strong></span> <span class='ocrx_word' id='word_1_3' title='bbox 780 704 956 764; x_wconf 72' lang='grc' dir='ltr'><strong><em>Ιιεοηιο</em></strong></span> <span class='ocrx_word' id='word_1_4' title='bbox 976 704 1091 764; x_wconf 69' lang='lat' dir='ltr'><strong><em>mu·</em></strong></span> <span class='ocrx_word' id='word_1_5' title='bbox 1136 717 1142 732; x_wconf 77' lang='lat'><strong><em>‘</em></strong></span> 
     </span>
    </p>
   </div>
   <div class='ocr_carea' id='block_1_3' title="bbox 208 855 1462 4262">
    <p class='ocr_par' dir='ltr' id='par_1_3' title="bbox 226 855 1462 2184">
     <span class='ocr_line' id='line_1_3' title="bbox 297 855 1458 964; baseline -0.001 -24"><span class='ocrx_word' id='word_1_6' title='bbox 297 877 416 964; x_wconf 85' lang='lat' dir='ltr'><strong>Polyb.</strong></span> <span class='ocrx_word' id='word_1_7' title='bbox 433 877 488 955; x_wconf 91' lang='lat' dir='ltr'><strong><em>II,</em></strong></span> <span class='ocrx_word' id='word_1_8' title='bbox 512 882 580 952; x_wconf 87' lang='grc'><strong><em>56,</em></strong></span> <span class='ocrx_word' id='word_1_9' title='bbox 601 883 633 942; x_wconf 87' lang='grc'><strong><em>6.</em></strong></span> <span class='ocrx_word' id='word_1_10' title='bbox 676 871 883 958; x_wconf 79' lang='grc' dir='ltr'><strong><em>Βουλόμενος</em></strong></span> <span class='ocrx_word' id='word_1_11' title='bbox 906 873 944 960; x_wconf 88' lang='grc' dir='ltr'><strong><em>δῆ</em></strong></span> <span class='ocrx_word' id='word_1_12' title='bbox 967 873 1146 960; x_wconf 77' lang='grc' dir='ltr'><strong><em>διασαφεῖν</em></strong></span> <span class='ocrx_word' id='word_1_13' title='bbox 1165 872 1225 962; x_wconf 81' lang='grc' dir='ltr'><strong><em>τῆν</em></strong></span> <span class='ocrx_word' id='word_1_14' title='bbox 1244 872 1403 960; x_wconf 89' lang='grc' dir='ltr'><strong><em>ω’μότητα</em></strong></span> <span class='ocrx_word' id='word_1_15' title='bbox 1456 855 1458 886; x_wconf 53' lang='lat'><strong>³</strong></span> 
     </span>
     <span class='ocr_line' id='line_1_4' title="bbox 226 973 1400 1066; baseline -0.001 -23"><span class='ocrx_word' id='word_1_16' title='bbox 226 977 287 1066; x_wconf 84' lang='grc' dir='ltr'><strong><em>τῆν</em></strong></span> <span class='ocrx_word' id='word_1_17' title='bbox 318 975 505 1062; x_wconf 86' lang='grc' dir='ltr'><strong><em>Ἀντιγόνου</em></strong></span> <span class='ocrx_word' id='word_1_18' title='bbox 536 982 590 1040; x_wconf 78' lang='grc' dir='ltr'><strong><em>καῖ</em></strong></span> <span class='ocrx_word' id='word_1_19' title='bbox 620 973 844 1054; x_wconf 81' lang='grc' dir='ltr'><em>Μακεδόνων,</em></span> <span class='ocrx_word' id='word_1_20' title='bbox 885 974 954 1059; x_wconf 84' lang='grc' dir='ltr'><strong><em>ἅμα</em></strong></span> <span class='ocrx_word' id='word_1_21' title='bbox 987 976 1022 1041; x_wconf 83' lang='grc' dir='ltr'><strong><em>δὲ</em></strong></span> <span class='ocrx_word' id='word_1_22' title='bbox 1053 973 1181 1052; x_wconf 78' lang='grc' dir='ltr'><strong><em>τούτοις</em></strong></span> <span class='ocrx_word' id='word_1_23' title='bbox 1212 977 1271 1062; x_wconf 87' lang='grc' dir='ltr'><strong><em>τῆν</em></strong></span> <span class='ocrx_word' id='word_1_24' title='bbox 1299 973 1400 1064; x_wconf 81' lang='grc' dir='ltr'><strong><em>Ἀρά-</em></strong></span> 
     </span>
     <span class='ocr_line' id='line_1_5' title="bbox 226 1071 1403 1166; baseline -0.002 -22"><span class='ocrx_word' id='word_1_25' title='bbox 226 1103 285 1146; x_wconf 88' lang='grc' dir='ltr'><strong><em>του</em></strong></span> <span class='ocrx_word' id='word_1_26' title='bbox 315 1088 370 1145; x_wconf 77' lang='grc' dir='ltr'><strong><em>καὶ</em></strong></span> <span class='ocrx_word' id='word_1_27' title='bbox 399 1085 465 1146; x_wconf 83' lang='grc' dir='ltr'><strong><em>τῶν</em></strong></span> <span class='ocrx_word' id='word_1_28' title='bbox 498 1071 664 1162; x_wconf 78' lang='grc' dir='ltr'><strong><em>Ἀχαιῶν,</em></strong></span> <span class='ocrx_word' id='word_1_29' title='bbox 711 1083 808 1166; x_wconf 87' lang='grc' dir='ltr'><strong><em>φησί·</em></strong></span> <span class='ocrx_word' id='word_1_30' title='bbox 843 1078 918 1152; x_wconf 80' lang='grc' dir='ltr'><strong><em>τούς</em></strong></span> <span class='ocrx_word' id='word_1_31' title='bbox 947 1077 1158 1156; x_wconf 76' lang='grc' dir='ltr'><strong><em>Μαντινέας,</em></strong></span> <span class='ocrx_word' id='word_1_32' title='bbox 1204 1083 1403 1162; x_wconf 86' lang='grc' dir='ltr'><strong><em>γενομένους</em></strong></span> 
     </span>
     <span class='ocr_line' id='line_1_6' title="bbox 226 1175 1400 1270; baseline -0.002 -22"><span class='ocrx_word' id='word_1_33' title='bbox 226 1179 430 1270; x_wconf 77' lang='grc' dir='ltr'><strong><em>ὑποχειρίους</em></strong></span> <span class='ocrx_word' id='word_1_34' title='bbox 435 1229 447 1260; x_wconf 92' lang='grc'><strong><em>,</em></strong></span> <span class='ocrx_word' id='word_1_35' title='bbox 472 1178 623 1266; x_wconf 86' lang='grc' dir='ltr'><strong><em>μεγάλοις</em></strong></span> <span class='ocrx_word' id='word_1_36' title='bbox 645 1187 840 1268; x_wconf 84' lang='grc' dir='ltr'><strong><em>περιπεσεῖν</em></strong></span> <span class='ocrx_word' id='word_1_37' title='bbox 862 1175 1064 1265; x_wconf 86' lang='grc' dir='ltr'><strong><em>ἀτυχήμασι,</em></strong></span> <span class='ocrx_word' id='word_1_38' title='bbox 1097 1187 1151 1244; x_wconf 81' lang='grc' dir='ltr'><strong><em>καὶ</em></strong></span> <span class='ocrx_word' id='word_1_39' title='bbox 1176 1179 1236 1266; x_wconf 86' lang='grc' dir='ltr'><strong><em>τῆν</em></strong></span> <span class='ocrx_word' id='word_1_40' title='bbox 1263 1176 1400 1268; x_wconf 88' lang='grc' dir='ltr'><strong><em>ἀρχαιο-</em></strong></span> 
     </span>
     <span class='ocr_line' id='line_1_7' title="bbox 226 1277 1400 1370; baseline -0.002 -20"><span class='ocrx_word' id='word_1_41' title='bbox 226 1281 328 1368; x_wconf 89' lang='grc' dir='ltr'><strong><em>τάτην</em></strong></span> <span class='ocrx_word' id='word_1_42' title='bbox 350 1291 404 1348; x_wconf 79' lang='grc' dir='ltr'><strong><em>καὶ</em></strong></span> <span class='ocrx_word' id='word_1_43' title='bbox 426 1288 581 1368; x_wconf 73' lang='grc' dir='ltr'><strong><em>μεγίστην</em></strong></span> <span class='ocrx_word' id='word_1_44' title='bbox 604 1279 704 1348; x_wconf 90' lang='grc' dir='ltr'><strong><em>πόλιν</em></strong></span> <span class='ocrx_word' id='word_1_45' title='bbox 726 1287 794 1347; x_wconf 87' lang='grc' dir='ltr'><strong><em>τιῦν</em></strong></span> <span class='ocrx_word' id='word_1_46' title='bbox 810 1281 895 1346; x_wconf 76' lang='grc' dir='ltr'><strong><em>κατὰ</em></strong></span> <span class='ocrx_word' id='word_1_47' title='bbox 912 1281 971 1368; x_wconf 86' lang='grc' dir='ltr'><strong><em>τῆν</em></strong></span> <span class='ocrx_word' id='word_1_48' title='bbox 999 1277 1174 1370; x_wconf 74' lang='grc' dir='ltr'><strong><em>Ἀρκαδίαν</em></strong></span> <span class='ocrx_word' id='word_1_49' title='bbox 1190 1280 1400 1367; x_wconf 78' lang='grc' dir='ltr'><strong><em>τηλικαύταις</em></strong></span> 
     </span>
     <span class='ocr_line' id='line_1_8' title="bbox 226 1371 1398 1472; baseline -0.002 -22"><span class='ocrx_word' id='word_1_50' title='bbox 226 1387 391 1450; x_wconf 88' lang='grc' dir='ltr'><strong><em>παλαῖσαι</em></strong></span> <span class='ocrx_word' id='word_1_51' title='bbox 419 1392 624 1472; x_wconf 83' lang='grc' dir='ltr'><strong><em>συμφοραῖς,</em></strong></span> <span class='ocrx_word' id='word_1_52' title='bbox 653 1381 739 1449; x_wconf 76' lang='grc' dir='ltr'><strong><em>ὥστε</em></strong></span> <span class='ocrx_word' id='word_1_53' title='bbox 767 1380 895 1458; x_wconf 79' lang='grc' dir='ltr'><strong><em>πάντας</em></strong></span> <span class='ocrx_word' id='word_1_54' title='bbox 925 1385 970 1460; x_wconf 82' lang='grc' dir='ltr'><strong><em>είς</em></strong></span> <span class='ocrx_word' id='word_1_55' title='bbox 1000 1383 1156 1450; x_wconf 76' lang='grc' dir='ltr'><strong><em>ἔκστασιν</em></strong></span> <span class='ocrx_word' id='word_1_56' title='bbox 1185 1391 1240 1448; x_wconf 79' lang='grc' dir='ltr'><strong><em>καὶ</em></strong></span> <span class='ocrx_word' id='word_1_57' title='bbox 1269 1371 1398 1472; x_wconf 89' lang='grc' dir='ltr'><strong><em>δάκρυα</em></strong></span> 
     </span>
     <span class='ocr_line' id='line_1_9' title="bbox 226 1482 1399 1573; baseline 0.001 -22"><span class='ocrx_word' id='word_1_58' title='bbox 226 1487 301 1560; x_wconf 84' lang='grc' dir='ltr'><strong><em>τοῦς</em></strong></span> <span class='ocrx_word' id='word_1_59' title='bbox 324 1483 480 1573; x_wconf 86' lang='grc' dir='ltr'><strong><em>Ἕλληνας</em></strong></span> <span class='ocrx_word' id='word_1_60' title='bbox 510 1483 659 1568; x_wconf 89' lang='grc' dir='ltr'><strong><em>ἀγαγεῖν.</em></strong></span> <span class='ocrx_word' id='word_1_61' title='bbox 695 1483 891 1564; x_wconf 77' lang='grc' dir='ltr'><strong><em>σπουδάζων</em></strong></span> <span class='ocrx_word' id='word_1_62' title='bbox 921 1482 954 1550; x_wconf 82' lang='grc' dir='ltr'><strong><em>δ’</em></strong></span> <span class='ocrx_word' id='word_1_63' title='bbox 985 1486 1030 1560; x_wconf 85' lang='grc' dir='ltr'><strong><em>εἰς</em></strong></span> <span class='ocrx_word' id='word_1_64' title='bbox 1060 1485 1153 1554; x_wconf 76' lang='grc' dir='ltr'><strong><em>ἔλεον</em></strong></span> <span class='ocrx_word' id='word_1_65' title='bbox 1183 1485 1399 1552; x_wconf 74' lang='grc' dir='ltr'><strong><em>ἐκκαλεῖσθαι</em></strong></span> 
     </span>
     <span class='ocr_line' id='line_1_10' title="bbox 226 1585 1398 1672; baseline 0 -18"><span class='ocrx_word' id='word_1_66' title='bbox 226 1589 302 1662; x_wconf 85' lang='grc' dir='ltr'><strong><em>τοῦς</em></strong></span> <span class='ocrx_word' id='word_1_67' title='bbox 337 1585 619 1672; x_wconf 79' lang='grc' dir='ltr'><strong><em>ἀναγινώσκοντας</em></strong></span> <span class='ocrx_word' id='word_1_68' title='bbox 651 1594 706 1652; x_wconf 77' lang='grc' dir='ltr'><strong><em>καὶ</em></strong></span> <span class='ocrx_word' id='word_1_69' title='bbox 741 1592 929 1672; x_wconf 76' lang='grc' dir='ltr'><strong><em>συμπαθεῖς</em></strong></span> <span class='ocrx_word' id='word_1_70' title='bbox 962 1595 1073 1654; x_wconf 91' lang='grc' dir='ltr'><strong><em>ποιεῖν</em></strong></span> <span class='ocrx_word' id='word_1_71' title='bbox 1102 1597 1169 1662; x_wconf 92' lang='grc' dir='ltr'><strong><em>τοῖς</em></strong></span> <span class='ocrx_word' id='word_1_72' title='bbox 1198 1589 1398 1671; x_wconf 79' lang='grc' dir='ltr'><strong><em>λεγομένοις,</em></strong></span> 
     </span>
     <span class='ocr_line' id='line_1_11' title="bbox 226 1687 1461 1790; baseline -0.003 -33"><span class='ocrx_word' id='word_1_73' title='bbox 226 1689 343 1770; x_wconf 81' lang='grc' dir='ltr'><strong><em>ελςάγει</em></strong></span> <span class='ocrx_word' id='word_1_74' title='bbox 369 1689 568 1778; x_wconf 82' lang='grc' dir='ltr'><strong><em>περιπλοκὰς</em></strong></span> <span class='ocrx_word' id='word_1_75' title='bbox 594 1693 754 1772; x_wconf 80' lang='grc' dir='ltr'><strong><em>γυναικοῖν</em></strong></span> <span class='ocrx_word' id='word_1_76' title='bbox 786 1696 840 1754; x_wconf 83' lang='grc' dir='ltr'><strong><em>καῖ</em></strong></span> <span class='ocrx_word' id='word_1_77' title='bbox 871 1687 972 1774; x_wconf 89' lang='grc' dir='ltr'><strong><em>κόμας</em></strong></span> <span class='ocrx_word' id='word_1_78' title='bbox 998 1690 1222 1778; x_wconf 74' lang='grc' dir='ltr'><strong><em>διερριμμένας</em></strong></span> <span class='ocrx_word' id='word_1_79' title='bbox 1254 1697 1308 1754; x_wconf 83' lang='grc' dir='ltr'><strong><em>καῖ</em></strong></span> <span class='ocrx_word' id='word_1_80' title='bbox 1331 1716 1398 1774; x_wconf 93' lang='grc' dir='ltr'><strong><em>μα-</em></strong></span> <span class='ocrx_word' id='word_1_81' title='bbox 1460 1714 1461 1790; x_wconf 73' lang='grc' dir='ltr'><strong><em>η</em></strong></span> 
     </span>
     <span class='ocr_line' id='line_1_12' title="bbox 227 1783 1400 1882; baseline 0 -25"><span class='ocrx_word' id='word_1_82' title='bbox 227 1783 317 1881; x_wconf 72' lang='grc' dir='ltr'><strong><em>σηῶν</em></strong></span> <span class='ocrx_word' id='word_1_83' title='bbox 341 1791 488 1878; x_wconf 78' lang='grc' dir='ltr'><strong><em>ἐκβολάς·</em></strong></span> <span class='ocrx_word' id='word_1_84' title='bbox 521 1791 603 1880; x_wconf 87' lang='grc' dir='ltr'><strong><em>πρὸς</em></strong></span> <span class='ocrx_word' id='word_1_85' title='bbox 637 1791 673 1857; x_wconf 81' lang='grc' dir='ltr'><strong><em>δὲ</em></strong></span> <span class='ocrx_word' id='word_1_86' title='bbox 704 1787 831 1868; x_wconf 80' lang='grc' dir='ltr'><strong><em>τούτοις</em></strong></span> <span class='ocrx_word' id='word_1_87' title='bbox 863 1789 987 1879; x_wconf 92' lang='grc' dir='ltr'><strong><em>δάκρυα</em></strong></span> <span class='ocrx_word' id='word_1_88' title='bbox 1019 1800 1073 1858; x_wconf 83' lang='grc' dir='ltr'><strong><em>καὶ</em></strong></span> <span class='ocrx_word' id='word_1_89' title='bbox 1098 1789 1240 1882; x_wconf 86' lang='grc' dir='ltr'><strong><em>θρήνους</em></strong></span> <span class='ocrx_word' id='word_1_90' title='bbox 1265 1787 1400 1880; x_wconf 79' lang='grc' dir='ltr'><strong><em>ἀνδρῶν</em></strong></span> 
     </span>
     <span class='ocr_line' id='line_1_13' title="bbox 226 1889 1398 1982; baseline -0.002 -22"><span class='ocrx_word' id='word_1_91' title='bbox 226 1903 280 1960; x_wconf 80' lang='grc' dir='ltr'><strong><em>καὶ</em></strong></span> <span class='ocrx_word' id='word_1_92' title='bbox 306 1900 487 1978; x_wconf 80' lang='grc' dir='ltr'><strong><em>γυναικοῖν,</em></strong></span> <span class='ocrx_word' id='word_1_93' title='bbox 516 1890 635 1978; x_wconf 66' lang='grc' dir='ltr'><strong><em>ἀναμὶξ</em></strong></span> <span class='ocrx_word' id='word_1_94' title='bbox 661 1891 731 1976; x_wconf 79' lang='grc' dir='ltr'><strong><em>ἅμα</em></strong></span> <span class='ocrx_word' id='word_1_95' title='bbox 756 1898 880 1967; x_wconf 77' lang='grc' dir='ltr'><strong><em>τέκνοις</em></strong></span> <span class='ocrx_word' id='word_1_96' title='bbox 904 1901 959 1958; x_wconf 83' lang='grc' dir='ltr'><strong><em>καῖ</em></strong></span> <span class='ocrx_word' id='word_1_97' title='bbox 984 1899 1114 1976; x_wconf 87' lang='grc' dir='ltr'><strong><em>γονεῦσι</em></strong></span> <span class='ocrx_word' id='word_1_98' title='bbox 1139 1902 1282 1982; x_wconf 79' lang='grc' dir='ltr'><strong><em>γηραιοῖς</em></strong></span> <span class='ocrx_word' id='word_1_99' title='bbox 1307 1889 1398 1958; x_wconf 88' lang='grc' dir='ltr'><strong><em>ἀπα-</em></strong></span> 
     </span>
     <span class='ocr_line' id='line_1_14' title="bbox 226 1989 1400 2084; baseline -0.001 -21"><span class='ocrx_word' id='word_1_100' title='bbox 226 1997 390 2080; x_wconf 80' lang='grc' dir='ltr'><strong><em>γομένων.</em></strong></span> <span class='ocrx_word' id='word_1_101' title='bbox 419 2003 512 2062; x_wconf 86' lang='grc' dir='ltr'><strong><em>ποιεῖ</em></strong></span> <span class='ocrx_word' id='word_1_102' title='bbox 534 1995 569 2062; x_wconf 82' lang='grc' dir='ltr'><strong><em>δὲ</em></strong></span> <span class='ocrx_word' id='word_1_103' title='bbox 595 2001 691 2060; x_wconf 92' lang='grc' dir='ltr'><strong><em>τοῦτο</em></strong></span> <span class='ocrx_word' id='word_1_104' title='bbox 718 1989 797 2082; x_wconf 81' lang='grc' dir='ltr'><strong><em>παρ’</em></strong></span> <span class='ocrx_word' id='word_1_105' title='bbox 820 1993 898 2082; x_wconf 87' lang='grc' dir='ltr'><strong><em>ὅλην</em></strong></span> <span class='ocrx_word' id='word_1_106' title='bbox 922 1995 981 2082; x_wconf 85' lang='grc' dir='ltr'><strong><em>τῆν</em></strong></span> <span class='ocrx_word' id='word_1_107' title='bbox 1002 1994 1152 2084; x_wconf 77' lang='grc' dir='ltr'><strong><em>ἱστορίαν</em></strong></span> <span class='ocrx_word' id='word_1_108' title='bbox 1157 2046 1170 2076; x_wconf 90' lang='grc'><strong><em>,</em></strong></span> <span class='ocrx_word' id='word_1_109' title='bbox 1195 1991 1400 2082; x_wconf 79' lang='grc' dir='ltr'><strong><em>πειρώμενος</em></strong></span> 
     </span>
     <span class='ocr_line' id='line_1_15' title="bbox 227 2083 1462 2184; baseline -0.002 -20"><span class='ocrx_word' id='word_1_110' title='bbox 227 2096 375 2172; x_wconf 75' lang='grc' dir='ltr'><strong><em>ἑκάστοις</em></strong></span> <span class='ocrx_word' id='word_1_111' title='bbox 401 2092 452 2163; x_wconf 82' lang='grc' dir='ltr'><strong><em>ἀεὶ</em></strong></span> <span class='ocrx_word' id='word_1_112' title='bbox 478 2097 544 2184; x_wconf 81' lang='grc' dir='ltr'><strong><em>πρὸ</em></strong></span> <span class='ocrx_word' id='word_1_113' title='bbox 572 2093 758 2182; x_wconf 78' lang='grc' dir='ltr'><strong><em>δφθαλμοῦν</em></strong></span> <span class='ocrx_word' id='word_1_114' title='bbox 783 2102 915 2164; x_wconf 84' lang='grc' dir='ltr'><strong><em>τιθέναι</em></strong></span> <span class='ocrx_word' id='word_1_115' title='bbox 940 2083 984 2164; x_wconf 78' lang='grc' dir='ltr'><strong><em>τὰ</em></strong></span> <span class='ocrx_word' id='word_1_116' title='bbox 1009 2095 1110 2166; x_wconf 84' lang='grc' dir='ltr'><strong><em>δεινά.</em></strong></span> <span class='ocrx_word' id='word_1_117' title='bbox 1461 2120 1462 2172; x_wconf 66' lang='grc' dir='ltr'><strong><em>γ</em></strong></span> 
     </span>
    </p>

    <p class='ocr_par' dir='ltr' id='par_1_4' title="bbox 226 2213 1400 3325">
     <span class='ocr_line' id='line_1_16' title="bbox 295 2213 1400 2304; baseline 0 -22"><span class='ocrx_word' id='word_1_118' title='bbox 295 2216 347 2282; x_wconf 86' lang='grc' dir='ltr'><strong><em>Ιδ.</em></strong></span> <span class='ocrx_word' id='word_1_119' title='bbox 365 2218 416 2297; x_wconf 89' lang='lat'><strong><em>11,</em></strong></span> <span class='ocrx_word' id='word_1_120' title='bbox 442 2223 502 2293; x_wconf 85' lang='lat'><strong><em>59,</em></strong></span> <span class='ocrx_word' id='word_1_121' title='bbox 533 2226 562 2282; x_wconf 89' lang='lat'><strong><em>1.</em></strong></span> <span class='ocrx_word' id='word_1_122' title='bbox 597 2213 708 2284; x_wconf 85' lang='grc' dir='ltr'><strong><em>Πάλιν</em></strong></span> <span class='ocrx_word' id='word_1_123' title='bbox 728 2213 975 2304; x_wconf 85' lang='grc' dir='ltr'><strong><em>Ἀριστόμαχον</em></strong></span> <span class='ocrx_word' id='word_1_124' title='bbox 995 2217 1056 2283; x_wconf 89' lang='grc' dir='ltr'><strong><em>τδν</em></strong></span> <span class='ocrx_word' id='word_1_125' title='bbox 1077 2213 1247 2302; x_wconf 68' lang='grc' dir='ltr'><strong><em>Ἀργεῖον,</em></strong></span> <span class='ocrx_word' id='word_1_126' title='bbox 1279 2223 1400 2302; x_wconf 80' lang='grc' dir='ltr'><strong><em>φησὶν,</em></strong></span> 
     </span>
     <span class='ocr_line' id='line_1_17' title="bbox 227 2315 1400 2407; baseline -0.002 -23"><span class='ocrx_word' id='word_1_127' title='bbox 227 2315 333 2407; x_wconf 88' lang='grc' dir='ltr'><strong><em>ἀνδρα</em></strong></span> <span class='ocrx_word' id='word_1_128' title='bbox 357 2325 412 2406; x_wconf 90' lang='grc' dir='ltr'><strong><em>τῆς</em></strong></span> <span class='ocrx_word' id='word_1_129' title='bbox 434 2317 699 2404; x_wconf 77' lang='grc' dir='ltr'><strong><em>ἐπιφανεστάτης</em></strong></span> <span class='ocrx_word' id='word_1_130' title='bbox 725 2320 826 2394; x_wconf 80' lang='grc' dir='ltr'><strong><em>οἰκίας</em></strong></span> <span class='ocrx_word' id='word_1_131' title='bbox 850 2315 1042 2405; x_wconf 74' lang='grc' dir='ltr'><strong><em>ὑπάρχοντα</em></strong></span> <span class='ocrx_word' id='word_1_132' title='bbox 1067 2326 1122 2384; x_wconf 77' lang='grc' dir='ltr'><strong><em>καῖ</em></strong></span> <span class='ocrx_word' id='word_1_133' title='bbox 1138 2316 1400 2405; x_wconf 85' lang='grc' dir='ltr'><strong><em>τετυραννηκότα</em></strong></span> 
     </span>
     <span class='ocr_line' id='line_1_18' title="bbox 226 2416 1399 2509; baseline 0 -23"><span class='ocrx_word' id='word_1_134' title='bbox 226 2428 288 2505; x_wconf 77' lang='grc' dir='ltr'><strong><em>μὲν</em></strong></span> <span class='ocrx_word' id='word_1_135' title='bbox 315 2419 491 2509; x_wconf 82' lang='grc' dir='ltr'><strong><em>Ἀργείων,</em></strong></span> <span class='ocrx_word' id='word_1_136' title='bbox 524 2419 696 2505; x_wconf 88' lang='grc' dir='ltr'><strong><em>πεφυκότα</em></strong></span> <span class='ocrx_word' id='word_1_137' title='bbox 726 2422 762 2486; x_wconf 81' lang='grc' dir='ltr'><strong><em>δὲ</em></strong></span> <span class='ocrx_word' id='word_1_138' title='bbox 790 2421 825 2486; x_wconf 76' lang='grc' dir='ltr'><strong><em>ἐκ</em></strong></span> <span class='ocrx_word' id='word_1_139' title='bbox 856 2418 1043 2508; x_wconf 87' lang='grc' dir='ltr'><strong><em>τυράννων,</em></strong></span> <span class='ocrx_word' id='word_1_140' title='bbox 1075 2417 1265 2506; x_wconf 76' lang='grc' dir='ltr'><strong><em>ὑποχείριον</em></strong></span> <span class='ocrx_word' id='word_1_141' title='bbox 1285 2416 1399 2486; x_wconf 73' lang='grc' dir='ltr'><strong><em>Ἀντι-</em></strong></span> 
     </span>
     <span class='ocr_line' id='line_1_19' title="bbox 226 2518 1399 2612; baseline -0.002 -24"><span class='ocrx_word' id='word_1_142' title='bbox 226 2520 311 2612; x_wconf 83' lang='grc' dir='ltr'><strong><em>γόνφ</em></strong></span> <span class='ocrx_word' id='word_1_143' title='bbox 341 2531 396 2608; x_wconf 82' lang='grc' dir='ltr'><strong><em>καὶ</em></strong></span> <span class='ocrx_word' id='word_1_144' title='bbox 426 2530 495 2596; x_wconf 88' lang='grc' dir='ltr'><strong><em>τοῖς</em></strong></span> <span class='ocrx_word' id='word_1_145' title='bbox 523 2518 670 2602; x_wconf 81' lang='grc' dir='ltr'><strong><em>Ἀχαιοῖς</em></strong></span> <span class='ocrx_word' id='word_1_146' title='bbox 701 2519 897 2608; x_wconf 86' lang='grc' dir='ltr'><strong><em>γενόμενον,</em></strong></span> <span class='ocrx_word' id='word_1_147' title='bbox 933 2525 978 2596; x_wconf 83' lang='grc' dir='ltr'><strong><em>εἰς</em></strong></span> <span class='ocrx_word' id='word_1_148' title='bbox 1002 2523 1165 2610; x_wconf 83' lang='grc' dir='ltr'><strong><em>Κεγχρεὰς</em></strong></span> <span class='ocrx_word' id='word_1_149' title='bbox 1189 2519 1399 2607; x_wconf 72' lang='grc' dir='ltr'><strong><em>ἀπαχθῆναι,</em></strong></span> 
     </span>
     <span class='ocr_line' id='line_1_20' title="bbox 226 2620 1398 2714; baseline -0.002 -24"><span class='ocrx_word' id='word_1_150' title='bbox 226 2632 281 2690; x_wconf 77' lang='grc' dir='ltr'><strong><em>καὶ</em></strong></span> <span class='ocrx_word' id='word_1_151' title='bbox 311 2622 568 2714; x_wconf 81' lang='grc' dir='ltr'><strong><em>στρεβλούμενον</em></strong></span> <span class='ocrx_word' id='word_1_152' title='bbox 598 2621 805 2692; x_wconf 82' lang='grc' dir='ltr'><strong><em>ἀποθανεῖν·</em></strong></span> <span class='ocrx_word' id='word_1_153' title='bbox 841 2620 1027 2690; x_wconf 80' lang='grc' dir='ltr'><strong><em>ἀδικώτατα</em></strong></span> <span class='ocrx_word' id='word_1_154' title='bbox 1049 2633 1104 2690; x_wconf 84' lang='grc' dir='ltr'><strong><em>καῖ</em></strong></span> <span class='ocrx_word' id='word_1_155' title='bbox 1131 2623 1305 2692; x_wconf 85' lang='grc' dir='ltr'><strong><em>δεινότατα</em></strong></span> <span class='ocrx_word' id='word_1_156' title='bbox 1331 2649 1398 2690; x_wconf 88' lang='grc' dir='ltr'><strong><em>πα-</em></strong></span> 
     </span>
     <span class='ocr_line' id='line_1_21' title="bbox 226 2723 1400 2815; baseline -0.003 -21"><span class='ocrx_word' id='word_1_157' title='bbox 226 2725 337 2794; x_wconf 84' lang='grc' dir='ltr'><strong><em>θόντα</em></strong></span> <span class='ocrx_word' id='word_1_158' title='bbox 369 2725 506 2792; x_wconf 89' lang='grc' dir='ltr'><strong><em>πάντων</em></strong></span> <span class='ocrx_word' id='word_1_159' title='bbox 537 2723 738 2815; x_wconf 81' lang='grc' dir='ltr'><strong><em>ἀνθρώπων.</em></strong></span> <span class='ocrx_word' id='word_1_160' title='bbox 795 2727 909 2814; x_wconf 86' lang='grc' dir='ltr'><strong><em>Τηριῦν</em></strong></span> <span class='ocrx_word' id='word_1_161' title='bbox 939 2727 975 2792; x_wconf 81' lang='grc' dir='ltr'><strong><em>δὲ</em></strong></span> <span class='ocrx_word' id='word_1_162' title='bbox 1005 2733 1059 2792; x_wconf 84' lang='grc' dir='ltr'><strong><em>καὶ</em></strong></span> <span class='ocrx_word' id='word_1_163' title='bbox 1088 2734 1165 2814; x_wconf 77' lang='grc' dir='ltr'><strong><em>περὶ</em></strong></span> <span class='ocrx_word' id='word_1_164' title='bbox 1191 2724 1313 2812; x_wconf 89' lang='grc' dir='ltr'><strong><em>ταύτην</em></strong></span> <span class='ocrx_word' id='word_1_165' title='bbox 1338 2726 1400 2810; x_wconf 85' lang='grc' dir='ltr'><strong><em>τῆν</em></strong></span> 
     </span>
     <span class='ocr_line' id='line_1_22' title="bbox 227 2823 1398 2916; baseline -0.007 -16"><span class='ocrx_word' id='word_1_166' title='bbox 227 2834 347 2916; x_wconf 70' lang='grc' dir='ltr'><strong><em>πρᾶξιν</em></strong></span> <span class='ocrx_word' id='word_1_167' title='bbox 365 2826 382 2896; x_wconf 83' lang='grc' dir='ltr'><strong>ὅ</strong></span> <span class='ocrx_word' id='word_1_168' title='bbox 401 2829 603 2916; x_wconf 73' lang='grc' dir='ltr'><strong><em>συγγραφεύς</em></strong></span> <span class='ocrx_word' id='word_1_169' title='bbox 623 2829 661 2896; x_wconf 83' lang='grc' dir='ltr'><strong><em>τῦ</em></strong></span> <span class='ocrx_word' id='word_1_170' title='bbox 677 2825 755 2896; x_wconf 72' lang='grc' dir='ltr'><strong><em>καθ’</em></strong></span> <span class='ocrx_word' id='word_1_171' title='bbox 773 2823 874 2894; x_wconf 86' lang='grc' dir='ltr'><strong><em>αῦτδν</em></strong></span> <span class='ocrx_word' id='word_1_172' title='bbox 891 2829 1028 2912; x_wconf 80' lang='grc' dir='ltr'><strong><em>ἰδίωμα,</em></strong></span> <span class='ocrx_word' id='word_1_173' title='bbox 1055 2827 1168 2915; x_wconf 87' lang='grc' dir='ltr'><strong><em>φωνάς</em></strong></span> <span class='ocrx_word' id='word_1_174' title='bbox 1184 2851 1276 2903; x_wconf 88' lang='grc' dir='ltr'><strong><em>τινας</em></strong></span> <span class='ocrx_word' id='word_1_175' title='bbox 1293 2826 1398 2894; x_wconf 86' lang='grc' dir='ltr'><strong><em>πλάτ·</em></strong></span> 
     </span>
     <span class='ocr_line' id='line_1_23' title="bbox 227 2927 1399 3019; baseline 0 -23"><span class='ocrx_word' id='word_1_176' title='bbox 227 2955 295 3010; x_wconf 88' lang='grc' dir='ltr'><strong><em>τει,</em></strong></span> <span class='ocrx_word' id='word_1_177' title='bbox 329 2932 384 2996; x_wconf 79' lang='grc' dir='ltr'><strong><em>διδ</em></strong></span> <span class='ocrx_word' id='word_1_178' title='bbox 407 2935 462 3015; x_wconf 89' lang='grc' dir='ltr'><strong><em>τῆς</em></strong></span> <span class='ocrx_word' id='word_1_179' title='bbox 487 2931 597 3002; x_wconf 87' lang='grc' dir='ltr'><strong><em>νυκτὸς</em></strong></span> <span class='ocrx_word' id='word_1_180' title='bbox 620 2927 720 2996; x_wconf 77' lang='grc' dir='ltr'><strong><em>αὐτοῦ</em></strong></span> <span class='ocrx_word' id='word_1_181' title='bbox 746 2932 1002 3018; x_wconf 82' lang='grc' dir='ltr'><strong><em>στρεβλουμένου</em></strong></span> <span class='ocrx_word' id='word_1_182' title='bbox 1027 2929 1299 3019; x_wconf 88' lang='grc' dir='ltr'><strong><em>προςπιπτούσας</em></strong></span> <span class='ocrx_word' id='word_1_183' title='bbox 1329 2938 1399 3004; x_wconf 88' lang='grc' dir='ltr'><strong><em>τοῖς</em></strong></span> 
     </span>
     <span class='ocr_line' id='line_1_24' title="bbox 227 3025 1399 3118; baseline 0 -20"><span class='ocrx_word' id='word_1_184' title='bbox 227 3030 378 3114; x_wconf 90' lang='grc' dir='ltr'><strong><em>σύνεγγυς</em></strong></span> <span class='ocrx_word' id='word_1_185' title='bbox 404 3037 629 3110; x_wconf 82' lang='grc' dir='ltr'><strong><em>κατοικοῦσιν,</em></strong></span> <span class='ocrx_word' id='word_1_186' title='bbox 665 3025 712 3098; x_wconf 77' lang='grc' dir='ltr'><strong><em>ἀν</em></strong></span> <span class='ocrx_word' id='word_1_187' title='bbox 742 3032 818 3108; x_wconf 83' lang='grc' dir='ltr'><strong><em>τοῦς</em></strong></span> <span class='ocrx_word' id='word_1_188' title='bbox 846 3039 908 3115; x_wconf 79' lang='grc' dir='ltr'><strong><em>μὲν</em></strong></span> <span class='ocrx_word' id='word_1_189' title='bbox 937 3033 1214 3118; x_wconf 82' lang='grc' dir='ltr'><strong><em>ἐκπληττομένους</em></strong></span> <span class='ocrx_word' id='word_1_190' title='bbox 1236 3034 1297 3118; x_wconf 88' lang='grc' dir='ltr'><strong><em>τῆν</em></strong></span> <span class='ocrx_word' id='word_1_191' title='bbox 1320 3029 1399 3098; x_wconf 82' lang='grc' dir='ltr'><strong><em>ἆσέ·</em></strong></span> 
     </span>
     <span class='ocr_line' id='line_1_25' title="bbox 226 3129 1398 3218; baseline 0 -18"><span class='ocrx_word' id='word_1_192' title='bbox 226 3139 331 3218; x_wconf 88' lang='grc' dir='ltr'><strong><em>βειαν,</em></strong></span> <span class='ocrx_word' id='word_1_193' title='bbox 358 3134 433 3210; x_wconf 85' lang='grc' dir='ltr'><strong><em>τοῦς</em></strong></span> <span class='ocrx_word' id='word_1_194' title='bbox 450 3129 484 3197; x_wconf 73' lang='grc' dir='ltr'><strong><em>δ’</em></strong></span> <span class='ocrx_word' id='word_1_195' title='bbox 503 3129 739 3214; x_wconf 88' lang='grc' dir='ltr'><strong><em>ἀπιστοῦντας,</em></strong></span> <span class='ocrx_word' id='word_1_196' title='bbox 765 3134 840 3207; x_wconf 85' lang='grc' dir='ltr'><strong><em>τοῦς</em></strong></span> <span class='ocrx_word' id='word_1_197' title='bbox 857 3131 891 3198; x_wconf 83' lang='grc' dir='ltr'><strong><em>δ’</em></strong></span> <span class='ocrx_word' id='word_1_198' title='bbox 910 3131 1174 3216; x_wconf 86' lang='grc' dir='ltr'><strong><em>ἀγανακτοῦντας</em></strong></span> <span class='ocrx_word' id='word_1_199' title='bbox 1190 3135 1247 3201; x_wconf 75' lang='grc' dir='ltr'><strong><em>ἐπὶ</em></strong></span> <span class='ocrx_word' id='word_1_200' title='bbox 1266 3144 1335 3210; x_wconf 90' lang='grc' dir='ltr'><strong><em>τοῖς</em></strong></span> <span class='ocrx_word' id='word_1_201' title='bbox 1352 3158 1398 3215; x_wconf 87' lang='grc' dir='ltr'><strong><em>γι-</em></strong></span> 
     </span>
     <span class='ocr_line' id='line_1_26' title="bbox 227 3235 1397 3325; baseline -0.003 -21"><span class='ocrx_word' id='word_1_202' title='bbox 227 3241 406 3320; x_wconf 82' lang='grc' dir='ltr'><strong><em>γνομένοις,</em></strong></span> <span class='ocrx_word' id='word_1_203' title='bbox 431 3240 641 3324; x_wconf 86' lang='grc' dir='ltr'><strong><em>προςτρέχειν</em></strong></span> <span class='ocrx_word' id='word_1_204' title='bbox 657 3236 740 3325; x_wconf 87' lang='grc' dir='ltr'><strong><em>πρδς</em></strong></span> <span class='ocrx_word' id='word_1_205' title='bbox 756 3235 816 3322; x_wconf 85' lang='grc' dir='ltr'><strong><em>τῆν</em></strong></span> <span class='ocrx_word' id='word_1_206' title='bbox 833 3237 940 3304; x_wconf 81' lang='grc' dir='ltr'><strong><em>οἰκίαν</em></strong></span> <span class='ocrx_word' id='word_1_207' title='bbox 956 3242 1050 3323; x_wconf 90' lang='grc' dir='ltr'><strong><em>φησί.</em></strong></span> <span class='ocrx_word' id='word_1_208' title='bbox 1075 3236 1161 3303; x_wconf 86' lang='grc' dir='ltr'><strong><em>Αδδ.</em></strong></span> <span class='ocrx_word' id='word_1_209' title='bbox 1179 3238 1229 3317; x_wconf 89' lang='grc' dir='ltr'><strong><em>ΙΙ,</em></strong></span> <span class='ocrx_word' id='word_1_210' title='bbox 1256 3245 1317 3316; x_wconf 81' lang='grc'><strong><em>62,</em></strong></span> <span class='ocrx_word' id='word_1_211' title='bbox 1340 3245 1397 3302; x_wconf 81' lang='grc'><strong><em>11.</em></strong></span> 
     </span>
    </p>

    <p class='ocr_par' dir='ltr' id='par_1_5' title="bbox 208 3352 1400 4262">
     <span class='ocr_line' id='line_1_27' title="bbox 297 3352 1399 3442; baseline 0 -22"><span class='ocrx_word' id='word_1_212' title='bbox 297 3353 349 3420; x_wconf 85' lang='lat' dir='ltr'><strong><em>ld.</em></strong></span> <span class='ocrx_word' id='word_1_213' title='bbox 366 3355 416 3434; x_wconf 88' lang='grc' dir='ltr'><strong><em>Π,</em></strong></span> <span class='ocrx_word' id='word_1_214' title='bbox 436 3363 496 3432; x_wconf 86' lang='grc'><strong><em>61,</em></strong></span> <span class='ocrx_word' id='word_1_215' title='bbox 517 3357 551 3422; x_wconf 76' lang='grc'><strong><em>4.</em></strong></span> <span class='ocrx_word' id='word_1_216' title='bbox 581 3352 625 3422; x_wconf 87' lang='grc' dir='ltr'><strong>Ὁ</strong></span> <span class='ocrx_word' id='word_1_217' title='bbox 642 3354 695 3434; x_wconf 82' lang='grc' dir='ltr'><strong><em>δὲ,</em></strong></span> <span class='ocrx_word' id='word_1_218' title='bbox 721 3361 791 3430; x_wconf 78' lang='grc' dir='ltr'><strong><em>πῶς</em></strong></span> <span class='ocrx_word' id='word_1_219' title='bbox 814 3361 876 3439; x_wconf 80' lang='grc' dir='ltr'><strong><em>μὲν</em></strong></span> <span class='ocrx_word' id='word_1_220' title='bbox 900 3355 995 3440; x_wconf 72' lang='grc' dir='ltr'><strong><em>ἔλαβε</em></strong></span> <span class='ocrx_word' id='word_1_221' title='bbox 1011 3357 1196 3442; x_wconf 80' lang='grc' dir='ltr'><strong><em>Κλεομένης</em></strong></span> <span class='ocrx_word' id='word_1_222' title='bbox 1218 3355 1278 3440; x_wconf 86' lang='grc' dir='ltr'><strong><em>τῆν</em></strong></span> <span class='ocrx_word' id='word_1_223' title='bbox 1297 3352 1399 3420; x_wconf 81' lang='grc' dir='ltr'><strong><em>πόλιν</em></strong></span> 
     </span>
     <span class='ocr_line' id='line_1_28' title="bbox 227 3452 1400 3546; baseline -0.001 -24"><span class='ocrx_word' id='word_1_224' title='bbox 227 3452 532 3545; x_wconf 76' lang='lat' dir='ltr'><strong>(Megalopolim),</strong></span> <span class='ocrx_word' id='word_1_225' title='bbox 566 3464 621 3524; x_wconf 82' lang='grc' dir='ltr'><strong><em>καὶ</em></strong></span> <span class='ocrx_word' id='word_1_226' title='bbox 648 3463 719 3532; x_wconf 78' lang='grc' dir='ltr'><strong><em>πῶς</em></strong></span> <span class='ocrx_word' id='word_1_227' title='bbox 747 3454 902 3546; x_wconf 83' lang='grc' dir='ltr'><strong><em>ἀκέραιον</em></strong></span> <span class='ocrx_word' id='word_1_228' title='bbox 933 3455 1153 3544; x_wconf 79' lang='grc' dir='ltr'><strong><em>διαφυλάξας,</em></strong></span> <span class='ocrx_word' id='word_1_229' title='bbox 1186 3458 1400 3536; x_wconf 74' lang='grc' dir='ltr'><strong><em>ἐξαπέστειλε</em></strong></span> 
     </span>
     <span class='ocr_line' id='line_1_29' title="bbox 228 3557 1398 3647; baseline 0 -25"><span class='ocrx_word' id='word_1_230' title='bbox 228 3563 427 3646; x_wconf 88' lang='grc' dir='ltr'><strong><em>παραχρῆμα</em></strong></span> <span class='ocrx_word' id='word_1_231' title='bbox 449 3559 532 3647; x_wconf 91' lang='grc' dir='ltr'><strong><em>πρδς</em></strong></span> <span class='ocrx_word' id='word_1_232' title='bbox 554 3559 630 3633; x_wconf 82' lang='grc' dir='ltr'><strong><em>τοῦς</em></strong></span> <span class='ocrx_word' id='word_1_233' title='bbox 646 3561 920 3641; x_wconf 84' lang='grc' dir='ltr'><strong><em>Μεγαλοπολίτας</em></strong></span> <span class='ocrx_word' id='word_1_234' title='bbox 943 3561 989 3634; x_wconf 83' lang='grc' dir='ltr'><strong><em>είς</em></strong></span> <span class='ocrx_word' id='word_1_235' title='bbox 1010 3561 1070 3646; x_wconf 83' lang='grc' dir='ltr'><strong><em>τῆν</em></strong></span> <span class='ocrx_word' id='word_1_236' title='bbox 1092 3557 1274 3645; x_wconf 72' lang='grc' dir='ltr'><strong><em>Μεσσήνην</em></strong></span> <span class='ocrx_word' id='word_1_237' title='bbox 1297 3583 1398 3646; x_wconf 89' lang='grc' dir='ltr'><strong><em>γραμ-</em></strong></span> 
     </span>
     <span class='ocr_line' id='line_1_30' title="bbox 227 3657 1398 3758; baseline 0 -34"><span class='ocrx_word' id='word_1_238' title='bbox 227 3659 457 3748; x_wconf 92' lang='grc' dir='ltr'><strong><em>ματοφόρους,</em></strong></span> <span class='ocrx_word' id='word_1_239' title='bbox 494 3657 594 3758; x_wconf 76' lang='grc' dir='ltr'><strong><em>ἀξιηῖν</em></strong></span> <span class='ocrx_word' id='word_1_240' title='bbox 624 3657 741 3734; x_wconf 79' lang='grc' dir='ltr'><strong><em>αύτούς</em></strong></span> <span class='ocrx_word' id='word_1_241' title='bbox 770 3658 893 3748; x_wconf 89' lang='grc' dir='ltr'><strong><em>ἀβλαβῆ</em></strong></span> <span class='ocrx_word' id='word_1_242' title='bbox 919 3666 1156 3747; x_wconf 85' lang='grc' dir='ltr'><strong><em>κομισαμένους</em></strong></span> <span class='ocrx_word' id='word_1_243' title='bbox 1180 3662 1240 3747; x_wconf 89' lang='grc' dir='ltr'><strong><em>τῆν</em></strong></span> <span class='ocrx_word' id='word_1_244' title='bbox 1269 3659 1398 3726; x_wconf 78' lang='grc' dir='ltr'><strong><em>ἑαυτῶν</em></strong></span> 
     </span>
     <span class='ocr_line' id='line_1_31' title="bbox 228 3749 1399 3852; baseline 0 -24"><span class='ocrx_word' id='word_1_245' title='bbox 228 3763 394 3850; x_wconf 88' lang='grc' dir='ltr'><strong><em>πατρίδα,</em></strong></span> <span class='ocrx_word' id='word_1_246' title='bbox 428 3768 624 3848; x_wconf 89' lang='grc' dir='ltr'><strong><em>κοινωνῆσαι</em></strong></span> <span class='ocrx_word' id='word_1_247' title='bbox 648 3767 716 3830; x_wconf 79' lang='grc' dir='ltr'><strong><em>ταῖν</em></strong></span> <span class='ocrx_word' id='word_1_248' title='bbox 738 3749 831 3830; x_wconf 81' lang='grc' dir='ltr'><strong><em>ἰδίων</em></strong></span> <span class='ocrx_word' id='word_1_249' title='bbox 855 3763 1074 3852; x_wconf 87' lang='grc' dir='ltr'><strong><em>πραγμάτων·</em></strong></span> <span class='ocrx_word' id='word_1_250' title='bbox 1108 3767 1213 3828; x_wconf 88' lang='grc' dir='ltr'><strong><em>ταῦτα</em></strong></span> <span class='ocrx_word' id='word_1_251' title='bbox 1237 3770 1299 3848; x_wconf 80' lang='grc' dir='ltr'><strong><em>μὲν</em></strong></span> <span class='ocrx_word' id='word_1_252' title='bbox 1321 3759 1399 3848; x_wconf 87' lang='grc' dir='ltr'><strong><em>ῆμῖν</em></strong></span> 
     </span>
     <span class='ocr_line' id='line_1_32' title="bbox 228 3862 1398 3955; baseline -0.003 -23"><span class='ocrx_word' id='word_1_253' title='bbox 228 3863 390 3949; x_wconf 83' lang='grc' dir='ltr'><strong><em>ἐδήλωσε,</em></strong></span> <span class='ocrx_word' id='word_1_254' title='bbox 421 3863 614 3949; x_wconf 89' lang='grc' dir='ltr'><strong><em>βουλόμενος</em></strong></span> <span class='ocrx_word' id='word_1_255' title='bbox 636 3862 807 3946; x_wconf 83' lang='grc' dir='ltr'><strong><em>ῦποδεΐξαι</em></strong></span> <span class='ocrx_word' id='word_1_256' title='bbox 836 3866 896 3952; x_wconf 85' lang='grc' dir='ltr'><strong><em>τῆν</em></strong></span> <span class='ocrx_word' id='word_1_257' title='bbox 919 3868 1125 3951; x_wconf 82' lang='grc' dir='ltr'><strong><em>Κλεομένους</em></strong></span> <span class='ocrx_word' id='word_1_258' title='bbox 1147 3868 1398 3955; x_wconf 84' lang='grc' dir='ltr'><strong><em>μεγαλοψυχίαν</em></strong></span> 
     </span>
     <span class='ocr_line' id='line_1_33' title="bbox 227 3965 1397 4055; baseline -0.002 -23"><span class='ocrx_word' id='word_1_259' title='bbox 227 3974 282 4033; x_wconf 75' lang='grc' dir='ltr'><strong><em>καὶ</em></strong></span> <span class='ocrx_word' id='word_1_260' title='bbox 305 3965 499 4055; x_wconf 89' lang='grc' dir='ltr'><strong><em>μετριότητα</em></strong></span> <span class='ocrx_word' id='word_1_261' title='bbox 522 3969 605 4054; x_wconf 84' lang='grc' dir='ltr'><strong><em>πρὸς</em></strong></span> <span class='ocrx_word' id='word_1_262' title='bbox 627 3969 703 4043; x_wconf 87' lang='grc' dir='ltr'><strong><em>τοῦς</em></strong></span> <span class='ocrx_word' id='word_1_263' title='bbox 727 3971 917 4053; x_wconf 84' lang='grc' dir='ltr'><strong><em>πολεμίους.</em></strong></span> <span class='ocrx_word' id='word_1_264' title='bbox 945 3969 994 4034; x_wconf 79' lang='grc' dir='ltr'><strong><em>ἐ’τι</em></strong></span> <span class='ocrx_word' id='word_1_265' title='bbox 1020 3971 1076 4048; x_wconf 81' lang='grc' dir='ltr'><strong><em>δὲ,</em></strong></span> <span class='ocrx_word' id='word_1_266' title='bbox 1102 3973 1173 4042; x_wconf 74' lang='grc' dir='ltr'><strong><em>ποῦς</em></strong></span> <span class='ocrx_word' id='word_1_267' title='bbox 1196 3967 1231 4034; x_wconf 74' lang='grc' dir='ltr'><strong><em>οἱ</em></strong></span> <span class='ocrx_word' id='word_1_268' title='bbox 1245 3969 1397 4049; x_wconf 86' lang='grc' dir='ltr'><strong><em>Μεγαλο-</em></strong></span> 
     </span>
     <span class='ocr_line' id='line_1_34' title="bbox 208 4068 1398 4168; baseline -0.002 -32"><span class='ocrx_word' id='word_1_269' title='bbox 208 4071 362 4168; x_wconf 66' lang='grc' dir='ltr'><strong><em>πολῖται</em></strong></span> <span class='ocrx_word' id='word_1_270' title='bbox 385 4073 440 4155; x_wconf 87' lang='grc' dir='ltr'><strong><em>τῆς</em></strong></span> <span class='ocrx_word' id='word_1_271' title='bbox 464 4070 638 4158; x_wconf 79' lang='grc' dir='ltr'><strong><em>ἐπιστολῆς</em></strong></span> <span class='ocrx_word' id='word_1_272' title='bbox 662 4068 980 4156; x_wconf 78' lang='grc' dir='ltr'><strong><em>ἀναγινωσκομένης,</em></strong></span> <span class='ocrx_word' id='word_1_273' title='bbox 1007 4068 1064 4140; x_wconf 85' lang='grc' dir='ltr'><strong><em>οῦκ</em></strong></span> <span class='ocrx_word' id='word_1_274' title='bbox 1085 4068 1222 4137; x_wconf 89' lang='grc' dir='ltr'><strong><em>ἐάσαιεν</em></strong></span> <span class='ocrx_word' id='word_1_275' title='bbox 1245 4071 1290 4144; x_wconf 73' lang='grc' dir='ltr'><strong><em>εἰς</em></strong></span> <span class='ocrx_word' id='word_1_276' title='bbox 1307 4071 1398 4162; x_wconf 81' lang='grc' dir='ltr'><strong><em>τέλος</em></strong></span> 
     </span>
     <span class='ocr_line' id='line_1_35' title="bbox 229 4168 1397 4262; baseline 0.001 -24"><span class='ocrx_word' id='word_1_277' title='bbox 229 4169 505 4257; x_wconf 82' lang='grc' dir='ltr'><strong><em>ἀναγνωσθῆναι,</em></strong></span> <span class='ocrx_word' id='word_1_278' title='bbox 535 4176 650 4260; x_wconf 88' lang='grc' dir='ltr'><strong><em>μικροῦ</em></strong></span> <span class='ocrx_word' id='word_1_279' title='bbox 673 4173 709 4238; x_wconf 79' lang='grc' dir='ltr'><strong><em>δὲ</em></strong></span> <span class='ocrx_word' id='word_1_280' title='bbox 733 4171 969 4240; x_wconf 85' lang='grc' dir='ltr'><strong><em>καταλεύσαιεν</em></strong></span> <span class='ocrx_word' id='word_1_281' title='bbox 991 4174 1067 4247; x_wconf 83' lang='grc' dir='ltr'><strong><em>τοῦς</em></strong></span> <span class='ocrx_word' id='word_1_282' title='bbox 1089 4168 1397 4262; x_wconf 82' lang='grc' dir='ltr'><strong><em>γραμματοφόρους,</em></strong></span> 
     </span>
    </p>
   </div>
   <div class='ocr_carea' id='block_1_4' title="bbox 228 4373 1397 4566">
    <p class='ocr_par' dir='ltr' id='par_1_6' title="bbox 228 4373 1397 4566">
     <span class='ocr_line' id='line_1_36' title="bbox 228 4373 1397 4467; baseline -0.003 -25"><span class='ocrx_word' id='word_1_283' title='bbox 228 4377 314 4450; x_wconf 78' lang='grc' dir='ltr'><strong><em>ἴδιον</em></strong></span> <span class='ocrx_word' id='word_1_284' title='bbox 338 4377 470 4462; x_wconf 82' lang='grc' dir='ltr'><strong><em>ἀφεῖλε·</em></strong></span> <span class='ocrx_word' id='word_1_285' title='bbox 495 4377 555 4443; x_wconf 89' lang='grc' dir='ltr'><strong><em>τδν</em></strong></span> <span class='ocrx_word' id='word_1_286' title='bbox 573 4377 714 4444; x_wconf 76' lang='grc' dir='ltr'><strong><em>ἔπαινον</em></strong></span> <span class='ocrx_word' id='word_1_287' title='bbox 729 4385 784 4443; x_wconf 78' lang='grc' dir='ltr'><strong><em>καῖ</em></strong></span> <span class='ocrx_word' id='word_1_288' title='bbox 801 4377 860 4467; x_wconf 82' lang='grc' dir='ltr'><strong><em>τῆν</em></strong></span> <span class='ocrx_word' id='word_1_289' title='bbox 877 4375 930 4445; x_wconf 80' lang='grc' dir='ltr'><strong><em>ἐπ’</em></strong></span> <span class='ocrx_word' id='word_1_290' title='bbox 948 4375 1066 4466; x_wconf 72' lang='grc' dir='ltr'><strong><em>ἀγαθή</em></strong></span> <span class='ocrx_word' id='word_1_291' title='bbox 1083 4375 1211 4464; x_wconf 89' lang='grc' dir='ltr'><strong><em>μνήμην</em></strong></span> <span class='ocrx_word' id='word_1_292' title='bbox 1227 4382 1295 4442; x_wconf 81' lang='grc' dir='ltr'><strong><em>τῶν</em></strong></span> <span class='ocrx_word' id='word_1_293' title='bbox 1312 4373 1397 4456; x_wconf 78' lang='grc' dir='ltr'><strong><em>ἀξιο-</em></strong></span> 
     </span>
     <span class='ocr_line' id='line_1_37' title="bbox 230 4474 597 4566; baseline 0.003 -24"><span class='ocrx_word' id='word_1_294' title='bbox 230 4474 334 4559; x_wconf 91' lang='grc' dir='ltr'><strong><em>λόγων</em></strong></span> <span class='ocrx_word' id='word_1_295' title='bbox 360 4483 597 4566; x_wconf 85' lang='grc' dir='ltr'><strong><em>προαιρέσεων.</em></strong></span> 
     </span>
    </p>
   </div>
   <div class='ocr_carea' id='block_1_5' title="bbox 0 0 1481 5060">
    <p class='ocr_par' dir='ltr' id='par_1_7' title="bbox 0 0 1481 5060">
     <span class='ocr_line' id='line_1_38' title="bbox 0 0 1481 5060; baseline 0 0"><span class='ocrx_word' id='word_1_296' title='bbox 0 0 1481 5060; x_wconf 95' lang='lat' dir='ltr'><strong><em> </em></strong></span> 
     </span>
    </p>
   </div>
  </div>
 </body>
</html>
