2950 5060
241 575 300 640 per
329 560 458 620 noctem
488 575 508 620 a
535 551 647 620 ricinis
671 551 803 620 auditae
832 525 976 632 inerint,
1004 571 1144 639 quorum
1171 549 1226 618 alii
1256 551 1415 622 facinoris
1454 629 1455 634 ἵ

240 654 413 720 horrentes
439 654 657 746 impietatem,
689 655 743 720 alii
773 651 979 736 diffidentes,
1017 653 1073 718 alii
1103 652 1332 742 indignantes,
1369 654 1415 722 ad
1454 641 1455 682 ¹

240 755 374 821 domum
396 757 700 845 approperarerint.
750 756 803 822 De
826 777 891 842 qua
916 764 1142 842 portentorum
1168 755 1414 845 loquendorum
1454 797 1455 810 .

241 857 396 924 ariditate
414 880 478 942 non
496 880 578 945 opus
594 881 683 939 esse,
710 855 902 947 etamplius
919 855 1095 923 diceretur.
1146 858 1421 937 Aristomachum

241 959 348 1041 enim,
380 959 508 1026 etiamsi
532 959 611 1024 nihil
636 969 807 1046 praeterea
830 959 869 1024 in'
890 958 1027 1044 patriam
1051 956 1248 1046 deliquerit,
1273 970 1416 1047 propter

120 1094 123 1100 ·
242 1061 346 1147 ipsum
370 1060 458 1128 ritae
481 1060 683 1142 institutum,
708 1059 797 1150 quod
815 1059 1088 1127 sceleratantum
1108 1081 1172 1125 non
1193 1061 1301 1126 omnia
1318 1080 1414 1128 com·
1454 1053 1455 1078 ³

241 1161 423 1249 plectatur,
456 1162 613 1250 supplicia
638 1185 789 1250 quaeque
812 1161 1062 1238 commeruisse,
1092 1183 1233 1249 quorum
1265 1161 1315 1228 vel
1341 1183 1413 1228 ma·
1444 1233 1446 1242 .

244 1263 329 1328 aima
353 1263 508 1330 severitas
530 1263 686 1330 nelariam
712 1263 808 1330 unius
822 1262 918 1329 ,illins
940 1261 1018 1329 diei
1037 1261 1090 1328 vix
1113 1263 1286 1351 expiatura
1309 1262 1414 1330 luerit

242 1365 464 1451 impietatem,
490 1369 695 1454 quadrato,
720 1365 775 1456 qui
794 1363 837 1432 ad
858 1365 972 1430 urbem
991 1363 1190 1432 liberandam
1210 1365 1412 1453 Argivorum

242 1466 435 1546 accesserit,
468 1467 617 1559 repulso,
652 1467 821 1556 octoginta
847 1466 988 1533 civitatis
1011 1466 1206 1554 principes,
1225 1487 1308 1554 quos
1333 1489 1414 1533 con-

243 1567 383 1655 spirasse
399 1590 474 1634 cum
493 1569 630 1636 Achaeis
651 1569 832 1658 suspicatus
848 1567 966 1649 luerit,
991 1568 1196 1634 excruciatos
1217 1589 1328 1634 coram
1354 1591 1413 1635 ne-

242 1668 391 1734 cessariis
409 1693 522 1738 eorum
541 1671 718 1737 necaverit.
750 1669 891 1744 Auxisse
910 1691 987 1734 vero
1006 1668 1265 1736 Aristomachum
1284 1667 1414 1756 flagitia

243 1793 302 1836 sua
326 1793 385 1852 eo,
418 1771 505 1860 quod
529 1793 656 1838 summo
680 1771 735 1838 illo
759 1771 959 1839 Cleomeniei
985 1769 1061 1836 belli
1085 1769 1271 1838 discrimine
1289 1771 1413 1838 relictis

244 1871 393 1951 Achaeis,
410 1874 467 1961 qui
481 1871 631 1940 maximis
648 1895 722 1940 eum
740 1889 838 1940 antea
853 1871 1030 1938 honoribus
1047 1873 1235 1939 ornaverint
1252 1867 1413 1960 (ἡγεμόνα

243 1979 298 2038 καὶ
321 1975 504 2060 στρατηγὸν
526 1972 791 2062 καταστήσαντες
821 1979 918 2062 σφῶν
948 1969 1058 2039 αὐτῶν
1080 1975 1130 2056 ΙΙ,
1155 1983 1216 2056 60,
1242 1973 1303 2065 5),
1336 1997 1410 2040 cum

243 2075 376 2140 civitate
405 2076 500 2142 simul
536 2078 735 2164 Argivorum
765 2077 807 2143 ad
833 2077 1043 2142 Cleomenem
1075 2085 1110 2142 et
1135 2075 1412 2143 Lacedaemonios
1454 2089 1455 2148 l

245 2172 413 2242 deiecerit.
459 2181 535 2245 Non
554 2179 732 2246 Cenchreis
756 2177 902 2266 prolecto
922 2199 1018 2260 eum,
1044 2188 1082 2243 ut
1106 2177 1313 2267 Phylarchus
1336 2199 1412 2243 nar-

246 2277 385 2358 raverit,
417 2282 600 2367 oportuisse
629 2292 728 2348 noctu
755 2281 800 2346 ad
830 2290 969 2346 mortem
998 2279 1158 2358 eruciari,
1191 2278 1249 2346 sed
1271 2281 1411 2346 circum-

246 2378 381 2444 ductum
401 2382 521 2469 ubique
539 2405 599 2469 per
612 2382 830 2470 Peloponnesi
848 2381 996 2448 civitates
1012 2391 1047 2447 et
1064 2381 1248 2469 expositum
1267 2381 1410 2448 omnium

245 2479 349 2546 oculis
373 2483 492 2568 perire.
535 2483 603 2550 Sed
626 2507 668 2550 ne
691 2507 769 2550 vera
794 2481 926 2570 quidem
953 2483 1008 2548 illa
1032 2505 1103 2549 esse
1127 2481 1169 2549 de
1188 2483 1410 2549 Aristomache

245 2587 385 2668 traditu,
423 2586 479 2673 qui
509 2585 588 2652 nihil
618 2607 791 2673 perpessus
819 2584 919 2652 luerit
947 2585 1102 2672 gravius,
1134 2605 1231 2672 quam
1264 2596 1300 2651 ut
1330 2584 1411 2650 mari
1454 2595 1455 2608 ¹

246 2689 426 2759 Cenchreis
450 2688 628 2754 suffocatus
653 2689 706 2754 sit.

314 2791 431 2861 Videri
448 2790 580 2856 omnino
598 2788 823 2877 Phylarchum
845 2788 906 2854 hoe
923 2797 1050 2866 tanturn
1067 2789 1243 2854 convenire
1261 2787 1411 2854 historico
1454 2805 1455 2880 ᾗ

246 2903 398 2982 putasse,
425 2901 462 2956 ut
480 2891 603 2956 nelarie
620 2913 770 2978 quaeque
787 2901 886 2977 atque
903 2889 1067 2958 horrenda
1086 2891 1237 2956 referret.
1277 2890 1330 2954 De
1348 2891 1411 2954 vir·

247 3006 320 3062 tute
338 2991 709 3082 Megalopolitanorum,
736 2991 768 3056 in
786 2991 901 3057 eodem
920 2991 1005 3057 bello
1021 3002 1116 3078 capta
1133 3013 1248 3058 eorum
1272 3013 1291 3054 a
1310 2991 1411 3056 Lace
1454 2999 1455 3008 ’

249 3096 428 3164 daemoniis
458 3095 540 3160 urbo
570 3094 760 3180 conspicua,
791 3115 865 3159 eum
892 3115 933 3159 ne
957 3095 1092 3159 verbum
1122 3093 1255 3181 quidem
1288 3091 1412 3172 fecisse,

248 3200 304 3288 qui
329 3195 560 3264 memoraverit
584 3193 827 3276 tantummodo,
854 3193 1073 3261 Cleomenem
1093 3195 1133 3260 iis
1159 3195 1353 3260 incolumen
1379 3215 1411 3258 se

107 3345 112 3360 .
249 3301 389 3388 patriam
404 3296 622 3363 ¹redditurum
646 3320 716 3364 esse
740 3295 970 3385 spopondisse,
1008 3297 1035 3361 si
1060 3297 1138 3362 socii
1161 3293 1411 3384 ipsiLacedae·

248 3402 433 3468 munierum
451 3399 570 3465 fierent
593 3396 806 3486 (βουλόμενος
828 3394 1000 3478 ὑποδεῖξαι
1021 3397 1081 3484 τῆν
1097 3397 1302 3481 Κλεομένους
1317 3417 1411 3480 μεγα-

249 3505 417 3594 λοψυχίαν
438 3508 494 3566 καὶ
510 3499 710 3590 μετριότητα
725 3499 809 3589 πρὸς
825 3501 1092 3584 τούςπολεμίοας
1109 3500 1159 3580 lI,
1179 3505 1240 3580 61,
1260 3497 1319 3586 l),
1344 3498 1413 3562 Me-

249 3605 488 3694 galopolitanos
505 3609 614 3668 antem
633 3613 698 3668 tam
717 3602 853 3690 indigne
871 3603 931 3668 hoc
949 3602 1078 3682 tulisse,
1104 3611 1141 3666 ut
1159 3611 1311 3666 :oratores
1329 3598 1414 3686 regis

250 3691 377 3772 tantum
398 3729 461 3771 non
483 3705 643 3792 lapidibus
662 3705 842 3770 obruerint.
885 3703 1034 3770 Laudem
1052 3701 1414 3791 Megalopolitanorum,
1454 3721 1455 3806 p

251 3807 339 3897 quod
358 3809 472 3874 urbem
491 3807 665 3872 maluerint
679 3816 714 3872 et
729 3805 875 3872 fortunas
886 3827 960 3870 suae
972 3827 1069 3892 quam
1086 3804 1200 3870 loedns
1211 3801 1413 3868 Achaeorum

252 3909 458 3997 relinquere,
495 3908 623 3974 silentio
652 3931 728 3974 eum
759 3907 991 3986 transmisisse,
1028 3907 1264 3973 caecutientem
1295 3904 1415 3970 scilicet

252 4010 295 4080 ad
319 4009 553 4099 pulcherrimas
577 4033 686 4077 rerum
712 4021 880 4098 gestarum
904 4007 1178 4096 historiarumque
1199 4005 1350 4093 scriptori
1369 4006 1414 4070 in-

253 4113 367 4202 primis
390 4111 611 4179 celebrandas.
654 4147 707 4162 --
748 4112 864 4177 Aliam
884 4131 962 4175 vero
991 4109 1041 4176 his
1072 4109 1220 4176 fraudem
1250 4105 1455 4172 accedere

253 4215 328 4283 Dici
351 4213 578 4302 ePhylarcho
602 4236 666 4280 non
692 4213 798 4278 minus
821 4233 880 4278 sex
903 4211 1003 4278 millia
1024 4210 1222 4277 talentorum
1248 4233 1267 4275 e
1291 4181 1455 4296 direpta

256 4316 523 4384 Lacedaemoniis
542 4315 727 4406 provenisse
737 4313 943 4434 Megalopoli
961 4335 1142 4400 eorumque
1158 4311 1226 4376 duo
1242 4310 1455 4397 contigisse

256 4417 437 4486 Cleomeni.
481 4419 520 4483 In
546 4439 611 4505 quo
637 4417 751 4484 mirarn
776 4417 917 4505 primum
937 4416 1095 4482 exsistere
1111 4413 1298 4504 opulentiae
1315 4415 1414 4479 Grae·
