2950 5060
219 528 294 596 tur,
318 513 502 580 libertatem
521 510 658 580 feliciter
676 508 866 578 delenditil.
905 511 1092 579 Memorato
1108 512 1196 580 baud
1213 513 1314 584 dubie
1334 539 1396 586 res

218 615 408 704 dignissima
432 614 511 695 luit,
535 613 594 680 sed
615 612 750 678 dubium
773 622 902 694 maren,
927 637 1003 680 num
1021 614 1221 702 singularem
1243 618 1393 706 Phylar-

217 719 299 786 chus
316 717 358 784 de
375 741 413 783 ea
430 715 637 804 scriptionem
656 714 809 781 ediderit.
856 716 947 782 Nihil
965 716 1051 782 enim
1072 718 1206 784 victoria
1224 719 1283 785 ista
1302 723 1393 786 effe·

217 832 307 888 ctum
333 829 400 900 est,
427 818 488 883 nisi
513 827 549 882 ut
574 816 789 903 repelleretur
813 817 962 884 Antiochi
987 819 1146 905 impetus,
1178 830 1213 886 et
1235 842 1394 888 crescere

219 923 325 1008 magis
347 921 462 1006 opibus
492 927 561 983 tum
592 917 724 982 demum
747 918 1031 1006 Pergamenorum
1066 921 1237 1007 Imperium
1263 925 1393 1010 coepit,

218 1034 387 1110 postquam
414 1021 470 1107 qui
495 1020 678 1086 Eumenem
702 1029 835 1085 secutus
863 1031 914 1088 est
940 1022 1086 1102 Attalus,
1122 1025 1284 1110 superatis
1307 1047 1392 1092 curn

217 1125 378 1190 Antiocho
391 1122 538 1186 Hierace
551 1119 667 1202 Gallis,
690 1121 820 1212 regium
838 1123 936 1188 etiam
955 1145 1073 1190 nomen
1090 1124 1268 1192 affectavit.
1301 1127 1391 1200 Qui-

218 1228 277 1292 bos
296 1225 392 1311 regni
408 1223 495 1288 illius
513 1223 611 1288 initiis
627 1222 688 1288 etsi
705 1234 870 1309 superstes
882 1223 988 1291 adbuc
1005 1224 1211 1312 Phylarchus
1223 1226 1296 1306 luit,
1318 1251 1389 1293 non

217 1329 262 1392 ita
281 1326 392 1412 magni
412 1333 520 1390 tammo
538 1323 568 1389 ei
587 1325 741 1390 momenti
764 1323 862 1390 luisse
887 1325 1057 1407 ridentur,
1088 1337 1124 1392 ut
1141 1325 1183 1392 de
1200 1329 1389 1416 originibus

216 1426 288 1515 ejus
306 1426 462 1516 peculiari
481 1424 563 1490 libro
580 1436 771 1512 exponeret.
805 1425 957 1507 Accedit,
979 1426 1067 1516 quod
1085 1428 1267 1496 Eumenem
1283 1431 1386 1498 Istum

216 1529 443 1617 Phylarchus,
473 1525 647 1615 siquidem
668 1527 824 1594 Asiaticas
849 1551 901 1594 res
920 1552 994 1596 cum
1014 1530 1150 1600 Graecis
1166 1533 1388 1614 consociabat,

216 1634 249 1698 in
275 1627 390 1717 majori
415 1651 515 1719 opere
539 1651 597 1694 suo
622 1627 711 1694 nullo
735 1627 832 1696 modo
855 1629 984 1697 silentio
1010 1632 1149 1698 transire
1173 1643 1322 1718 poterat,
1349 1646 1389 1700 ut

216 1733 338 1822 qui-ad
361 1753 432 1798 earn
457 1731 559 1818 ipsam
583 1741 724 1798 aetatem
747 1731 928 1817 pertineret
952 1729 1025 1826 (01.
1050 1732 1159 1821 129),
1191 1757 1287 1822 quam
1306 1735 1386 1802 illu-

215 1834 380 1901 strandam
400 1833 459 1898 sibi
476 1832 652 1898 sumsisset.
688 1833 779 1900 Hinc
796 1832 850 1898 illa
860 1879 870 1914 ,
895 1855 979 1922 quae
995 1834 1115 1901 Suidas
1131 1834 1231 1916 dixit,
1255 1835 1298 1902 de
1315 1840 1387 1904 An-

216 1936 324 2003 tiocho
347 1946 381 2001 et
404 1935 554 2000 Eumene
578 1933 788 2021 Pergameno
810 1957 874 2000 non
899 1935 997 2002 luisse
1020 1935 1187 2024 probabile
1214 1948 1283 2018 est,
1320 1939 1386 2008 nisi

214 2039 356 2124 aliquam
385 2033 515 2122 majoris
537 2034 624 2101 illios
645 2037 755 2122 operis
779 2047 924 2123 partem,
960 2040 1095 2104 seorsim
1122 2037 1307 2116 laudatam,
1346 2052 1386 2106 ut

215 2139 419 2226 'l'heopompi
432 2135 475 2203 de
489 2135 683 2224 demagogis
695 2137 940 2204 Atheniensium
960 2149 994 2206 et
1012 2139 1053 2206 de
1071 2141 1168 2206 rebus
1182 2141 1384 2208 mirabilibus

214 2241 287 2307 libri
305 2239 531 2329 (Theopomp.
549 2238 601 2304 ed.
621 2238 782 2319 Wichers,
808 2263 840 2327 p.
857 2239 929 2330 29)
952 2241 1139 2308 laudantur.

280 2343 459 2428 Sequentia
479 2342 574 2406 verba
592 2340 751 2427 ἐπιτομὴν
766 2342 908 2427 μυθικῇν
924 2349 1002 2429 περὶ
1018 2349 1072 2430 τῆς
1088 2347 1148 2410 cori
1161 2343 1240 2418 Διὸς
1256 2343 1379 2430 ἐπιφα-

214 2447 301 2517 νείας
319 2463 479 2532 quaerere
496 2441 637 2530 primum
656 2441 751 2520 licet,
782 2465 860 2508 num
877 2445 1011 2510 seorsim
1029 2445 1310 2532 accipiendasict,
1337 2449 1382 2513 ita

215 2555 251 2611 ut
276 2544 483 2633 Phylarchus
506 2553 541 2610 et
568 2544 751 2614 uniuersam
776 2545 963 2632 mytborum
987 2547 1150 2633 epitomen
1174 2547 1268 2614 etde
1289 2549 1381 2614 Joris

212 2646 354 2714 adventu
374 2646 491 2712 librum
510 2645 711 2732 singularem
728 2645 905 2714 coniecisse
922 2647 1072 2729 dicatur,
1106 2671 1146 2714 an
1167 2645 1381 2735 conjunctim,

213 2758 250 2813 ut
274 2747 316 2814 de
341 2749 433 2814 Joris
457 2746 599 2814 aduentu
624 2749 765 2834 epitome
791 2749 932 2835 mythico
956 2749 1171 2837 intelligatur.
1223 2751 1378 2838 Epitome

212 2849 356 2934 mythica
374 2871 433 2935 per
452 2872 488 2914 se
505 2847 695 2934 Apollodori
719 2849 931 2916 bibliothecae
957 2851 1058 2917 instar
1078 2850 1308 2938 compendium
1330 2851 1379 2916 hi·

211 2951 331 3016 storiae
350 2951 513 3036 mythicae
530 2948 641 3014 luerit.
676 2947 876 3036 Hujusmodi
891 2974 969 3018 vero
985 2975 1067 3038 opus
1077 2950 1153 3040 jure
1167 2953 1377 3032 dubitaveris,

212 3073 289 3115 num
312 3050 489 3137 Phylarcbi
505 3046 571 3135 jaro
591 3051 690 3114 aetati
708 3051 889 3116 conveniat.
929 3053 981 3118 De
999 3055 1090 3120 lovis
1106 3066 1216 3122 eutem
1234 3053 1375 3122 adventu

212 3152 293 3218 liber
310 3153 388 3240 quid
407 3153 467 3231 sit,
493 3173 589 3218 nemo
614 3149 706 3217 lacile
723 3151 902 3232 extundat,
928 3154 988 3220 nisi
1006 3153 1048 3222 de
1065 3155 1182 3222 sabulis
1198 3156 1377 3242 cogitetur,

210 3254 327 3339 quibus
350 3255 383 3318 in
402 3263 610 3338 conspectum
628 3276 664 3318 se
682 3253 863 3320 hominibus
880 3253 1007 3322 dedisse
1025 3257 1157 3342 Jupiter
1177 3257 1298 3326 dicitur
1314 3254 1373 3344 (cl.

74 3359 78 3366 “
210 3353 347 3442 Dionys.
367 3355 415 3420 H.
430 3353 530 3433 VIII,
552 3351 632 3442 56),
655 3377 740 3440 quac
755 3365 862 3422 tamen
879 3357 1107 3443 interpretatio
1125 3358 1282 3446 pluralem
1300 3365 1376 3445 περὶ

209 3459 276 3521 cciv
290 3461 348 3522 τοῦ
361 3455 439 3530 Διὸς
451 3456 656 3540 ἐπιφανειῶν
668 3455 845 3541 flagitaret.
874 3459 946 3524 Nec
956 3456 1071 3526 melius
1082 3460 1294 3545 explicaveris
1304 3483 1374 3546 my·

208 3555 328 3654 thicam
341 3557 386 3622 de
401 3558 491 3624 Jovis
502 3555 644 3622 adventu
658 3557 832 3642 epitomen.
869 3559 1038 3626 Levantur
1051 3559 1187 3632 lortosse
1201 3559 1374 3626 difficulta-

209 3669 276 3738 tes,
307 3681 407 3745 quum
432 3681 493 3746 pro
510 3662 591 3745 περί
609 3667 673 3724 etc.
697 3659 928 3728 substituentes
951 3656 1020 3729 cirri
1036 3665 1092 3748 τῆς
1108 3667 1168 3728 rori
1183 3661 1263 3734 Διὸς
1278 3662 1369 3746 hato.

207 3760 372 3845 epitomen
386 3760 561 3847 mythicam
581 3757 657 3826 inde
674 3759 714 3824 ab
732 3761 824 3826 Joris
840 3761 981 3828 adventu
999 3763 1232 3854 intelligamus.
1262 3762 1372 3828 Fabu-

210 3860 314 3926 larum
326 3872 425 3947 atquc
438 3861 644 3927 historiarum
659 3862 800 3928 confinia
813 3884 913 3948 quum
931 3861 1064 3930 dilticilc
1077 3876 1162 3932 esset
1175 3863 1371 3945 discernere,

207 3961 249 4028 ad
264 3961 496 4030 consectandos
509 3985 585 4029 vero
600 3962 670 4028 illas
684 3961 739 4050 qui
754 3975 824 4030 tum
843 3963 976 4032 suerunt
992 3976 1156 4047 auctores,
1179 3965 1263 4032 miro
1278 3964 1371 4032 modo

271 4213 301 4280 8)
324 4207 424 4269 Strabo
440 4211 530 4283 Xlll,
552 4231 578 4270 o.
595 4211 626 4283 4,
640 4233 670 4289 p.
689 4215 746 4276 148
762 4223 825 4272 ster.
855 4213 933 4272 Idem
945 4213 1053 4274 videtur
1065 4215 1212 4286 Eumenes,
1227 4235 1311 4294 quem
1324 4235 1369 4292 per

206 4313 320 4352 errorem
343 4294 468 4353 lustinus
489 4293 638 4372 Bithyniae
658 4315 746 4374 regem
768 4296 839 4356 dixit
859 4299 1015 4371 (XXVII,
1036 4303 1073 4376 8,)
1105 4310 1131 4358 et
1147 4300 1368 4358 Pausaniascum

206 4375 301 4437 alttalo
315 4377 442 4438 confudit
456 4380 502 4450 (l,
518 4387 548 4452 8,
566 4388 593 4440 I.
608 4383 655 4450 2).
685 4378 795 4454 Flathe‚
810 4382 884 4442 Mac.
896 4380 967 4442 hist.
980 4383 1023 4455 II,
1043 4402 1074 4460 p.
1091 4391 1164 4446 202.
1179 4389 1331 4448 221-228»
