2950 5060
59 638 175 685 corum
199 611 439 702 ignorantium,
476 635 542 700 qua
574 611 715 700 praedae
747 611 899 679 videlieet
923 611 1231 708 Megalopolitanus,

60 741 149 807 qaae
164 718 437 796 Mantineensem,
464 713 619 780 trecentis
634 715 677 780 ab
693 713 763 802 ipso
783 711 970 803 Phylarcho
987 714 1117 780 talentis
1133 715 1230 780 aesti-

63 829 204 900 matam,
235 816 397 885 excedere
421 838 485 882 non
511 815 675 902 potuerit,
706 837 864 882 summam
894 815 941 882 itu
972 837 1070 904 supra
1100 839 1231 882 omnem

61 921 197 990 modurn
222 919 372 1000 auxerit,
398 927 436 984 ut
454 915 698 984 Atheniensium
718 917 800 984 adeo
817 917 1061 984 florentissimas
1078 939 1155 1004 opes
1172 941 1231 983 ex-

61 1031 208 1111 superet.
261 1021 443 1087 Praeterea
467 1028 577 1086 autem
601 1018 762 1086 mendacii
786 1021 979 1108 scriptorem
1009 1020 1157 1086 convinci
1181 1019 1232 1098 iis,

62 1148 149 1213 quae
174 1123 217 1190 de
240 1122 349 1210 inopia
374 1121 497 1188 dixerit
521 1121 725 1202 Cleomenis,
750 1143 816 1209 qua
840 1131 877 1187 ut
901 1121 972 1188 acie
995 1120 1166 1186 dimicaret
1189 1119 1232 1186 ad

63 1227 233 1292 Sellasiam
264 1233 397 1291 coactus
425 1224 487 1306 sit,
517 1245 602 1310 quae
634 1222 724 1290 nullo
752 1223 892 1310 cogitari
917 1222 1014 1290 modo
1043 1231 1170 1310 posset,
1206 1221 1233 1288 si

64 1338 158 1398 tantu
175 1351 194 1394 e
211 1325 411 1414 Megalopoli
431 1335 598 1412 reportata
614 1324 752 1414 pecunia
770 1323 893 1391 luisset.

133 1431 173 1494 Iu
198 1427 247 1494 his
271 1427 375 1516 igitur
398 1426 678 1493 criminationibus
704 1447 782 1492 num
804 1423 929 1514 justum
956 1449 991 1492 se
1015 1425 1175 1515 Polybius
1200 1436 1235 1492 et

63 1533 234 1618 integrum
250 1551 420 1596 censorem
437 1521 634 1610 ostenderit,
656 1537 748 1594 tanto
766 1529 871 1616 magis
887 1537 938 1594 est
955 1549 1074 1614 operae
1092 1528 1234 1616 pretium

63 1632 263 1720 exquirere,
294 1630 382 1718 quod
407 1652 492 1718 quae
521 1630 606 1696 ratio
632 1629 819 1719 Phylarcho
843 1629 962 1711 luerit,
996 1651 1059 1696 non
1090 1630 1161 1696 aliis
1192 1651 1234 1697 ex

65 1734 147 1802 locis
170 1733 323 1820 cognosci
347 1732 500 1798 disertius
524 1743 650 1820 potest,
680 1730 991 1820 istudquePolybii
1016 1729 1176 1818 judicium
1202 1731 1235 1796 id

65 1857 198 1924 quoque
216 1833 314 1900 luisse
331 1833 479 1916 videtur,
505 1833 593 1923 quod
610 1833 811 1900 Plutarchus
834 1834 950 1921 passim
964 1832 1018 1900 de
1036 1833 1126 1900 libris
1144 1834 1236 1922 Phy-

66 1936 170 2004 larchi
193 1936 383 2022 expromsit.
426 1937 465 2001 In
494 1959 560 2024 quo
584 1935 666 2002 illud
690 1936 830 2024 primum
856 1933 1034 2001 notandum
1053 1947 1121 2017 est,
1148 1935 1236 2026 quod

65 2039 212 2106 severius
236 2039 368 2104 omniuo
395 2037 555 2126 Polybius
578 2037 621 2104 de
644 2038 806 2125 prioribus
828 2036 991 2104 historicis
1010 2034 1189 2124 judicavit,
1217 2061 1237 2103 e

66 2141 186 2228 quibus
209 2139 304 2227 pauci
329 2139 426 2205 luisse
451 2139 622 2220 ridentur,
648 2140 704 2229 qui
729 2139 818 2206 omni
843 2140 874 2206 ei
896 2162 938 2205 ex
963 2149 1058 2226 parte
1075 2139 1238 2207 satisface-

67 2251 155 2308 rent.
208 2239 383 2308 Neminem
416 2241 519 2330 lugit,
560 2265 657 2331 quam
690 2243 814 2309 acriter
845 2241 1095 2329 reprehenderit
1128 2241 1238 2306 'Pheo-

67 2364 238 2432 pompum,
265 2341 451 2425 Timaeum,
476 2342 569 2426 alios,
594 2365 676 2433 quos
692 2353 802 2412 tamen
820 2344 894 2430 quis
909 2345 996 2410 iuter
1015 2363 1071 2408 eos
1088 2355 1241 2410 auctores

67 2445 196 2512 r'elerre
221 2445 411 2526 dubitabit,
432 2467 572 2532 quorum
594 2443 723 2534 jactura
748 2445 799 2513 rel
823 2446 965 2512 maxime
985 2445 1077 2511 nobis
1094 2445 1240 2534 lugenda

68 2548 138 2614 siti
164 2549 228 2614 Ac
251 2545 421 2612 leniuntur
442 2569 557 2616 revera
580 2549 746 2615 cumulata
770 2549 825 2614 illu
848 2549 889 2614 ab
907 2571 947 2614 eo
964 2548 997 2613 in
1015 2547 1239 2636 Phylarchum

69 2649 190 2736 probra
200 2695 210 2730 ,
235 2648 262 2713 si
281 2670 392 2715 reram
410 2671 495 2737 quae
512 2649 612 2716 luerit
629 2651 731 2732 ratio,
753 2649 938 2718 accuratius
954 2650 1188 2716 examinemus.

139 2752 187 2818 Ac
213 2751 355 2838 primum
380 2749 531 2838 quidem,
559 2761 661 2840 puto,
685 2751 766 2818 illud
789 2761 936 2832 constat,
969 2749 1146 2838 Polybium
1175 2773 1239 2817 non

68 2852 115 2917 ite
139 2853 290 2940 equoris
307 2854 450 2940 partium
468 2853 577 2920 studio
593 2853 735 2921 alienum
755 2853 872 2934 luisse,
904 2853 982 2940 quin
1001 2855 1098 2919 rebus
1121 2855 1239 2941 passim

32 2951 35 2956 ’
69 2953 295 3034 Achaeorum,
336 2977 476 3042 quarum
505 2956 576 3045 ipse
605 2955 681 3024 olim
711 2955 1043 3022 administrandarum
1077 2957 1241 3044 particeps

70 3054 203 3138 luisset,
236 3056 360 3144 magis,
392 3079 490 3145 quam
518 3081 578 3146 par
602 3069 694 3141 erat,
726 3057 869 3139 lavaret,
906 3057 1105 3124 infestiorem
1129 3068 1240 3126 autem

66 3153 158 3243 justo
181 3179 216 3226 se
238 3157 362 3226 Aetolis
383 3159 583 3227 ostenderet.
626 3163 703 3227 Hoc
721 3161 807 3226 utin
826 3159 897 3226 aliis
913 3159 1172 3226 animadversum
1191 3171 1241 3228 est

69 3259 181 3345 operis
205 3257 276 3346 ejus
300 3260 447 3346 partibus
480 3260 616 3349 (Lucas
634 3261 793 3349 Polybius
818 3261 1035 3350 Darstellung
1052 3261 1110 3329 des
1126 3261 1241 3328 aetoli-

69 3360 171 3427 scheu
196 3359 350 3442 Bundes;
379 3363 499 3430 Flathe
523 3363 642 3431 Gesch.
667 3383 730 3430 rou
753 3363 966 3430 Macedonien
991 3363 1055 3430 Bd.
1073 3362 1160 3453 IL),
1195 3365 1241 3430 ita

70 3462 181 3530 notari
199 3461 296 3528 etiam
316 3474 425 3550 potest
442 3467 475 3532 in
496 3467 660 3532 succincte
678 3465 733 3532 illa
750 3465 793 3532 de
811 3465 1019 3533 incrementis
1036 3467 1239 3532 Achaeorum

70 3574 108 3630 et
134 3563 176 3632 de
198 3564 409 3632 Cleomenico
435 3567 520 3660 bello
544 3569 742 3635 narratione.
786 3571 923 3636 Aratum
947 3567 1149 3634 Macedonici
1173 3567 1241 3634 loe-

69 3664 161 3732 deris
178 3677 345 3734 auctorem
363 3678 401 3734 ut
418 3668 568 3757 proditae
584 3675 788 3739 Graecorum
807 3671 973 3758 Antigono
991 3671 1065 3756 regi
1083 3670 1242 3736 libertatis

68 3767 210 3834 crimine
228 3779 407 3857 purgaret,
440 3793 510 3838 rem
528 3773 573 3840 ita
591 3772 762 3860 exposuit,
793 3783 830 3838 ut
848 3772 992 3860 pericula
1010 3782 1138 3837 tantum
1156 3773 1241 3838 eliu·

69 3869 161 3956 gisae
182 3891 222 3936 eo
239 3869 424 3955 diceretur,
450 3895 535 3962 quae
553 3875 660 3941 Aetoli
684 3886 753 3940 tum
772 3873 978 3940 Achaeorum
1003 3871 1127 3941 loederi
1146 3895 1241 3962 para-

69 3970 194 4040 vissent
226 3968 366 4062 (Polyb.
387 3974 438 4056 II,
466 3973 544 4065 ta).
594 3977 669 4042 Hos
691 3977 797 4057 enim,
830 3998 929 4064 quum
954 3974 1111 4044 vidissent
1134 3977 1241 4042 incre·

70 4081 183 4140 menta
201 4074 406 4143 Achaeorum
425 4087 498 4164 post
515 4077 679 4145 Demetrii
697 4078 787 4166 regis
804 4088 942 4146 mortem
951 4125 962 4160 ,
988 4075 1050 4145 hoc
1066 4079 1174 4166 egisse
1191 4079 1241 4144 in-

69 4173 158 4240 vidia
182 4175 350 4260 incensos,
376 4188 415 4244 ut
438 4179 619 4247 conciliatis
641 4179 701 4246 sihi
726 4189 760 4247 et
784 4180 1053 4248 Lacedaemoniis
1078 4191 1112 4245 et
1130 4181 1242 4246 Mace·
1353 4190 1356 4196 “

4 4335 7 4368 ‚
69 4273 230 4359 donibus,
263 4301 338 4346 curn
372 4279 422 4346 his
451 4303 516 4348 una
543 4282 747 4349 Achaeorum
781 4280 896 4350 laedas
925 4283 1150 4363 destruerent3
1184 4282 1242 4347 hos

69 4378 176 4465 igitur
193 4389 229 4446 et
245 4380 332 4468 ipsos
349 4383 546 4472 praecipuos
561 4385 730 4452 Cleomeni
752 4383 850 4450 luisse
869 4393 1038 4464 auctores,
1066 4393 1101 4449 ut
1119 4382 1240 4450 bellum

67 4492 185 4549 contra
204 4481 350 4552 Achaeos
369 4495 534 4569 moveret,
561 4509 621 4556 nec
644 4496 711 4556 tam
731 4485 1064 4556 Lacedaemoniorum
1086 4507 1126 4555 ac
1143 4486 1240 4554 cleo-
