2950 5060
102 1669 213 1773 Inter
229 1707 481 1798 Xenophontem
499 1731 538 1776 ac
556 1708 733 1798 Polybium
750 1709 807 1796 qui
825 1709 941 1792 rebus,
966 1731 1047 1797 quas
1064 1706 1273 1777 illustrarunt

101 1810 345 1876 commentariis
367 1812 458 1892 suis,'
474 1811 536 1899 ipsi
558 1809 716 1900 suppares
738 1810 947 1879 historiarum
969 1819 1121 1878 auctores
1137 1810 1273 1877 exstite-

105 1920 194 1992 runt,
217 1933 414 2002 quamquam
437 1911 583 1978 etmulti
602 1913 734 1978 fuerunt
752 1934 813 1978 nec
830 1911 927 2000 piane
942 1911 1186 1993 contemnendi,
1201 1911 1273 1978 fere

104 2033 217 2079 omues
229 2025 337 2080 tamen
350 2013 557 2080 interierunt.
587 2014 866 2102 Fragmentorum
882 2035 961 2081 vero
972 2035 1100 2094 eorum,
1116 2033 1202 2102 quac
1215 2034 1272 2080 ae-

105 2123 207 2180 tatem
226 2115 385 2196 tulerunt,
409 2107 474 2180 aon
493 2116 590 2203 piane
607 2116 731 2203 exigua
747 2115 842 2204 copia
858 2125 921 2198 est,
937 2138 1042 2204 eaque
1058 2115 1085 2181 si
1103 2122 1273 2202 exspecta·

106 2215 204 2297 tioni,
229 2237 326 2303 quam
344 2211 505 2303 ejusmodi
523 2217 659 2283 tortasse
676 2217 833 2304 reliquiae
851 2227 1003 2299 movent,
1027 2215 1070 2282 ad
1087 2237 1199 2282 rerum
1216 2223 1275 2280 aut

105 2315 149 2382 ad
165 2319 399 2384 sententiarum
418 2318 614 2408 gravitatem
639 2337 704 2383 nou
729 2339 963 2407 usquequaque
985 2317 1206 2398 satisfaciunt,
1230 2313 1274 2382 ad

19 2491 25 2502 q
106 2419 274 2484 literarum
294 2431 403 2485 tamen
420 2419 666 2501 historicarum,
690 2419 803 2507 quales
819 2442 858 2486 ea
875 2429 982 2487 aetate
999 2417 1150 2500 fuerunt,
1172 2416 1274 2483 ratio·

107 2541 181 2586 nem
199 2520 460 2610 cognoscendam
477 2521 629 2588 conterre
646 2520 792 2586 nonnihil
805 2543 899 2611 posse
913 2521 1076 2588 ridentur.
1111 2520 1167 2586 Sic
1181 2517 1275 2606 Phy-

107 2619 218 2686 larcho
240 2625 371 2709 quoque
393 2643 491 2709 qoam
516 2645 649 2710 operam
668 2623 842 2688 tribuimus
868 2643 930 2710 per
949 2619 1032 2688 hauc
1053 2620 1276 2708 scriptionem,

107 2719 239 2788 defendi
263 2721 503 2810 quodammodo
526 2745 620 2809 posse
644 2724 778 2809 ipsaque
801 2721 875 2804 iila,
898 2743 994 2808 quam
1020 2709 1199 2808 aPolqibio
1216 2741 1276 2786 ex·

108 2832 222 2912 pertus
238 2833 307 2904 est,
333 2820 448 2910 judicii
466 2824 645 2889 acerbitate
661 2822 885 2889 commendari
902 2821 986 2890 adeo
1003 2821 1144 2888 videtur.
1196 2822 1275 2888 Nou

108 2925 227 2990 desunt
244 2925 345 3006 enim,
371 2947 456 3012 quae
473 2935 658 3013 suspectum
677 2923 758 2990 iliud
773 2921 933 3012 judicium
952 2923 1092 3016 redfiaut
1117 2932 1152 2990 et
1168 2945 1277 2989 asseu-

68 3107 75 3118 ·
108 3026 231 3102 sionem
250 3034 393 3091 nostram
410 3025 562 3093 cohibere
579 3035 656 3094 ante
679 3047 737 3092 uos
756 3022 913 3112 jubeant,
944 3046 1042 3114 quam
1066 3025 1144 3092 satis
1168 3023 1277 3090 omnia

110 3127 412 3195 examinaverimus.
824 3119 827 3126 ’

178 3228 458 3295 Proficiscendum
477 3227 571 3294 nobis
587 3235 649 3310 est,
676 3235 777 3316 quum
795 3228 849 3293 aiii
867 3227 937 3294 tere
954 3226 1006 3294 rel
1023 3225 1065 3298 de
1083 3227 1149 3293 vita
1167 3226 1217 3292 vel
1235 3225 1278 3293 do

110 3329 263 3417 operibus
281 3330 460 3418 Phylarcbi
477 3329 583 3394 fontes
600 3327 724 3409 desint,
748 3352 767 3394 a
784 3327 886 3394 Suida
904 3324 998 3415 cujus
1014 3351 1041 3394 s.
1059 3352 1090 3394 v.
1106 3323 1279 3416 Φύλαρχος

109 3429 191 3496 haee
208 3440 284 3495 suut
303 3433 416 3496 verba:
444 3427 616 3517 Φύλαρχος
626 3425 838 3516 Ἆθηναῖοςῆ
854 3431 1097 3518 Ναυκρατίτης·
1116 3428 1152 3495 oi
1165 3430 1202 3497 tr
1219 3430 1278 3495 Σι-

111 3528 262 3610 κυώνιον,
280 3526 374 3596 ἄλλοι
391 3531 428 3598 δὲ
443 3528 626 3615 Αίγύπτιον
643 3531 813 3624 ἔγραψαν·
831 3529 1086 3621 ἱστορικός-την
1102 3530 1159 3596 cn
1174 3532 1278 3597 Πελο-

111 3631 280 3720 ποννησον
298 3630 430 3722 Πύρρου
447 3637 506 3700 ’τοῦ
525 3629 727 3724 ’Ἠπειρώτου
745 3637 923 3722 στρατείαν
939 3633 977 3700 έν
992 3633 1124 3718 βιβλίοις
1142 3628 1198 3717 κη,
1222 3657 1279 3696 κα-

112 3731 203 3818 τάγει
219 3735 257 3802 (it
272 3741 327 3800 καλ
343 3739 437 3824 μέχρι
453 3735 660 3820 Πτολεμαίου
678 3740 737 3802 τοῦ
754 3732 934 3823 Εὐεργέτου
955 3735 1131 3820 κληθέντος
1152 3736 1281 3821 καὶτῆς

112 3837 285 3924 Βερενίκης
301 3839 466 3924 τελευτῆς,
489 3844 543 3902 καὶ
560 3840 620 3912 ἕως
636 3842 695 3905 τοῦ
710 3833 863 3904 θανᾶτου
880 3836 1084 3920 Κλεομένους
1100 3838 1161 3902 τοῦ
1175 3834 1279 3902 Λακε-

114 3938 306 4022 δαιμονίου,
336 3936 656 4028 ἐπιστρατεύσαντος
678 3933 768 4024 atet
782 3933 986 4020 Ἀντιγόνου.
1040 3937 1091 4004 Τὰ
1114 3936 1199 4002 κατὰ
1221 3936 1281 4004 τὸν

110 4036 281 4120 Ἀντίοχον
291 4047 346 4105 καὶ
356 4041 416 4107 τὸν
428 4041 644 4129 Περγαμηνὸν
655 4036 799 4125 Εὐμένη·
817 4037 977 4125 έιιιτομην
987 4037 1129 4125 μυθικὴν
1140 4045 1217 4126 περὶ
1227 4042 1282 4125 τῆς

98 4145 175 4207 ,rori
191 4141 269 4216 Διὸς
285 4141 510 4230 ἐπιφανείας·
529 4149 606 4230 περὶ
623 4137 831 4232 εὕρημᾶτων,
854 4139 1095 4230 παρεμβᾶσεων
1109 4141 1217 4225 βιβλία
1232 4137 1280 4207 θ’.

116 4243 156 4310 In
181 4243 298 4331 quibus
322 4253 454 4331 praeter
476 4241 656 4331 στρατιάν,
686 4241 774 4332 quod
791 4243 833 4308 ab
850 4242 922 4310 aliis
941 4239 1008 4329 jam
1029 4251 1215 4310 correctum
1232 4250 1283 4308 est

116 4345 149 4410 iu
168 4349 363 4436 στρατείαν,
386 4341 585 4428 Κλεωνύμου
602 4346 725 4414 mutavi
743 4346 776 4412 iu
790 4345 1014 4429 Κλεομένους,
1040 4353 1075 4412 et
1090 4337 1193 4412 αὐτοῦ
1210 4351 1301 4430 post·

116 4443 439 4535 ἐπιστρατεύσαντος
455 4445 488 4514 ἰο
507 4441 607 4537 αὐτῷ.
