2950 5060
107 539 147 595 ut
170 527 281 594 fidem
296 526 490 608 habeamus,
515 525 653 592 aliorum
680 524 796 606 simul,
828 527 854 592 si
880 548 944 614 qua
969 537 1063 610 sunt,
1095 527 1280 594 testimonia

106 629 350 718 perpendamus
372 651 454 717 opus
477 637 536 696 ert.
583 631 632 694 Ac
660 628 702 694 de
727 629 792 693 fine
817 627 950 714 quidem
978 629 1086 716 operis
1109 629 1280 716 explorata

106 735 218 798 omnia
237 731 399 798 videntur.
436 735 582 818 Apparet
599 730 686 798 enirn
704 753 723 796 e
741 729 882 818 Polybio
898 731 949 812 ΙΙ,
968 735 1015 800 56
1043 729 1129 820 (ὅσα
1146 731 1183 798 δὲ
1199 749 1276 798 συν-

106 832 278 919 επιβάλλει
300 840 369 906 τοῖς
392 828 448 918 ὑφ’
471 829 562 918 ἡμῶν
579 835 797 920 γραφομένοις
812 839 952 920 καιροῖς,
975 837 1081 944 suisa
1097 829 1128 898 δ’
1144 833 1216 899 ἐστὶ
1236 833 1279 899 roi

106 943 187 1026 περὶ
209 936 270 1002 τὸν
293 935 513 1018 Κλεομενικόν
537 933 702 1018 πόλεμον,
733 929 817 1022 ὑπὲρ
840 931 967 1000 τούτων
989 931 1167 1018 ἀναγκαῖόν
1186 935 1279 1002 ἐστιν

105 1036 185 1124 ἡμῖν
202 1035 430 1125 denumerata),-
459 1035 628 1102 historiam
651 1055 725 1101 eum
750 1023 845 1100 suam
864 1029 929 1100 noh
948 1036 1087 1102 multum
1105 1035 1191 1102 ultra
1209 1035 1278 1102 bel-

109 1141 179 1206 lum
187 1139 431 1206 Cleomenieum
443 1150 650 1226 persecutum
663 1159 744 1204 ease.
771 1139 891 1224 Neque
908 1137 951 1203 de
968 1138 1124 1204 librorum
1140 1159 1278 1204 numero

106 1241 252 1308 dubitari
277 1263 371 1328 posse
396 1239 536 1320 videtur.
571 1242 732 1306 Octnvm
750 1239 837 1306 enim
856 1249 891 1316 et
910 1239 1117 1322 vicesimum,
1140 1240 1197 1328 qui
1219 1263 1278 1326 po-

106 1354 250 1410 stremus
265 1343 328 1410 luit
338 1341 487 1410 eSuidae
496 1343 696 1422 testimonio,
714 1339 1087 1408 laudatAthenaeusVl.
1102 1364 1135 1428 p.
1145 1341 1278 1422 251.C,
1371 1382 1385 1392 -

107 1445 210 1511 etita
235 1444 364 1525 laudat,
396 1453 432 1510 ut
454 1466 539 1531 quae
562 1421 604 1510 de
629 1442 854 1531 Apollophane
873 1444 953 1524 isto,
980 1444 1137 1532 Antigoni
1162 1441 1277 1510 adula-

108 1556 201 1626 tore‚
225 1543 414 1625 traduntur,
440 1546 493 1610 vix
510 1545 575 1610 alio
592 1546 654 1610 nisi
671 1543 713 1610 ad
733 1544 900 1612 vintoniam
918 1543 960 1610 ad
978 1545 1146 1612 Sellasiam
1160 1543 1276 1610 referri

108 1648 246 1734 possint.
281 1648 418 1712 Certum
438 1655 610 1735 praeterea
627 1657 678 1712 est
695 1669 714 1711 e
731 1646 835 1712 tribus
846 1649 886 1712 ab
899 1645 1015 1715 eodem
1030 1647 1197 1714 Athenaeo
1208 1669 1277 1712 ser-

110 1750 193 1814 uatis
211 1749 429 1835 fragmentis,
457 1759 638 1835 postremos
664 1748 763 1812 libros
788 1747 831 1814 de
855 1749 1033 1832 Cleomene
1056 1759 1091 1816 et
1114 1749 1156 1815 de
1180 1749 1277 1814 rebus

110 1849 447 1936 Lacedaemoniorum
475 1831 583 1936 egisse
604 1849 687 1936 (VI,
712 1871 744 1936 p.
768 1857 856 1929 271,
880 1851 923 1916 E.
957 1849 1043 1930 XII,
1066 1873 1099 1938 p.
1123 1855 1210 1929 521,
1234 1850 1276 1915 Β.

107 1952 172 2031 IV,
190 1975 223 2038 p.
240 1954 324 2032 1-41,
338 1953 398 2041 P).
433 1951 487 2018 De
504 1951 596 2018 initio
613 1951 760 2016 destituti
777 1973 889 2017 sumus
900 1949 1061 2043 ejusmodi
1074 1949 1278 2020 testimoniis.

110 2053 236 2141 Pyrrhi
253 2055 286 2118 in
298 2053 563 2142 Peloponnesum
581 2051 822 2140 expeditionem
842 2053 994 2120 traditam
1013 2075 1083 2120 esse
1100 2077 1120 2120 a
1135 2052 1278 2140 Phylar-

109 2155 190 2235 cho,
212 2179 232 2220 e
250 2153 421 2222 Plutarch.
439 2155 563 2242 Pyrrh,
585 2177 617 2220 c.
640 2162 687 2228 27
707 2165 815 2240 patet,
840 2156 895 2228 uhi
914 2155 1097 2236 defossae,
1122 2177 1188 2243 qua
1205 2175 1277 2220 mu·
1387 2192 1389 2195 ·

111 2258 241 2323 nierant
258 2256 510 2324 Lacedaemonii
530 2257 642 2322 urbem
661 2277 772 2338 suern,
794 2255 894 2322 modo
915 2254 1011 2342 hujus
1027 2266 1063 2328 et
1078 2255 1278 2344 Hieronymi

110 2358 266 2424 Cardiani
285 2359 371 2424 inter
387 2381 423 2424 sc
442 2358 623 2424 testimonia
642 2369 892 2444 comparantem
917 2357 1051 2438 dubium
1070 2380 1167 2440 vero,
1198 2379 1277 2424 num

112 2461 238 2526 initium
258 2459 334 2526 inde
351 2481 433 2547 opus
448 2460 593 2547 ceperit,
618 2481 660 2524 an
678 2461 845 2546 prooemio
862 2459 1004 2548 quodam
1021 2483 1128 2548 eoque
1142 2457 1279 2526 fortasse

110 2560 279 2648 ampliori,
304 2561 402 2648 quale
426 2571 538 2648 postea
563 2561 739 2648 Polybium
766 2584 898 2650 quoque
920 2562 1097 2628 coniecisse
1120 2561 1278 2641 uidemus,

112 2663 155 2728 de
179 2665 277 2730 rebus
299 2664 484 2750 expositum
508 2661 609 2728 luerit
631 2662 740 2746 paullo
762 2673 859 2728 antea
883 2663 935 2728 rel
957 2665 999 2727 ab
1025 2661 1213 2728 Alexandro
1231 2663 1277 2726 M.

111 2764 162 2830 rel
186 2787 205 2830 a
229 2759 468 2840 successoribus
497 2759 569 2848 ejus
596 2763 709 2849 gestis.
761 2763 803 2828 In
835 2763 934 2830 tertio
967 2764 1049 2830 libro
1074 2785 1182 2830 sermo
1207 2773 1279 2829 erat

112 2861 250 2954 (Athen.
268 2866 366 2933 VIII.
390 2867 529 2952 paon,
550 2861 610 2954 A.)
635 2863 677 2930 de
702 2863 877 2947 Patroclo,
907 2887 1005 2951 quem
1029 2864 1139 2931 classis
1161 2864 1279 2930 ducem
1376 2951 1379 2954 Ι

112 2963 323 3034 Ptolemaeus
341 2968 427 3064 Lagi
449 2965 522 3053 plus
546 2965 659 3032 decem
683 2968 775 3032 annis
792 2977 869 3033 ante
886 2965 974 3032 illam
994 2965 1119 3054 Pyrrhi
1142 2965 1278 3054 expedi·

112 3070 234 3136 tionem
249 3069 498 3136 Atheniensibus
515 3063 630 3134 contra
644 3069 845 3156 Antigonum
859 3068 1023 3134 Demetrii
1040 3069 1143 3134 tilium
1158 3065 1280 3132 anxilio
1389 3058 1392 3062 ’

113 3171 256 3240 miserat.
289 3171 389 3238 Paus‘.
406 3171 438 3250 Ι,
456 3179 494 3250 A,
515 3177 546 3236 1.
592 3165 657 3236 Sed
682 3169 785 3235 multa
808 3189 938 3258 quoque
961 3191 1020 3256 per
1043 3169 1279 3256 digressionem

110 3271 233 3338 inserta
251 3273 400 3345 lueruntz
426 3271 576 3357 sicquae
591 3293 643 3356 ap.
658 3269 778 3335 Athen.
795 3269 879 3336 XII.
897 3291 929 3358 p.
945 3275 1018 3339 53¹9
1044 3271 1164 3339 elihro
1180 3269 1280 3334 tertio

112 3384 147 3440 et
170 3372 323 3439 vicesimo
345 3372 387 3439 de
411 3372 541 3436 luxuria
560 3371 738 3438 Alexandri
762 3383 797 3440 et
819 3373 974 3438 comitum
998 3369 1070 3459 ejus
1091 3369 1280 3453 traduntur,

114 3484 147 3543 et
163 3473 227 3540 alia
245 3473 358 3560 plura,
384 3492 524 3560 quorum
543 3473 575 3538 in
594 3471 787 3560 fragmentis
803 3497 838 3541 se
856 3475 1006 3562 exempla
1024 3475 1175 3540 offerent.
1267 3523 1269 3530 .

160 3579 162 3582 ’
188 3570 312 3643 Saldae
337 3577 363 3641 sl
389 3593 488 3662 porro
513 3577 609 3641 verba
633 3577 819 3663 sequimur,
851 3587 1008 3662 quattuor
1032 3585 1202 3661 praeterea
1229 3574 1279 3640 vel

113 3678 257 3765 quinque
274 3671 472 3765 scriptiones*
485 3677 691 3766 Phylarchus
708 3678 886 3764 reliquerat
903 3677 945 3742 de
963 3679 1060 3742 rebus
1078 3674 1228 3744 Antiochi
1246 3687 1281 3742 et

114 3771 271 3846 Eumenis
296 3779 515 3867 Pergameni,
541 3779 704 3866 epitomen
732 3779 929 3866 mythicam,
961 3778 1002 3842 de
1026 3779 1117 3843 Jovis
1136 3776 1280 3844 adventu

114 3877 280 3968 (περὶτῆς
298 3887 357 3948 roi
374 3882 452 3955 Διὸς
469 3879 702 3968 ἐπιφανείας),
734 3879 958 3960 ἅθ’ῐηνοιηὶε,
990 3877 1132 3966 denique
1155 3903 1280 3967 παρεμ-

114 3979 242 4067 βάσεων
260 3976 358 4048 libros
376 4003 503 4048 novem.
546 3983 678 4069 Magnis
696 3991 806 4047 autem
831 3980 934 4068 iisque
960 3981 1012 4045 vix
1036 3981 1281 4068 explicabilibus

115 4083 165 4150 hin
183 4083 272 4150 locus
296 4083 542 4150 difficultatibus
568 4083 701 4148 laborat.
755 4083 922 4149 Eumenes
948 4087 1034 4147 enim
1061 4082 1117 4148 ille
1140 4082 1279 4169 cogitari

118 4208 179 4250 unu
200 4195 307 4272 potest
332 4185 392 4250 uisi
418 4185 461 4265 is,
486 4185 542 4272 qui
560 4183 784 4252 Philetaerum
803 4194 955 4274 patruum
980 4183 1012 4248 in
1039 4183 1175 4270 imperio
1197 4183 1281 4247 Per-

7 4275 14 4310 i
115 4288 206 4374 garni
230 4297 378 4367 secutus,
403 4287 443 4352 ab
461 4285 643 4354 Seleucidis
667 4283 766 4374 quuru'
791 4285 982 4364 defecisset,
1007 4285 1159 4363 uictoria,
1184 4305 1280 4371 quam

119 4387 160 4454 de
178 4388 338 4454 Antiocho
355 4388 485 4456 Seleuci
505 4387 670 4456 Nicatoris
688 4389 756 4456 filio
772 4389 813 4454 ad
832 4383 953 4455 Sardes
972 4386 1185 4474 reportavisse
1202 4383 1282 4452 dici-
