2950 5060
640 381 700 448 11

519 479 822 492 ------·—--.-—

1 676 2 679 ,
81 601 212 685 necesse
231 626 278 684 est
297 613 470 682 tradiderit
478 615 529 694 1Ι);
549 613 636 679 unde
655 635 718 678 non
739 614 934 702 relinquitur
952 616 1011 682 nisi
1030 617 1249 704 Phylarchus,
1369 665 1372 676 ,

1 749 2 752 ’
79 743 146 809 quo
167 741 242 783 usus
260 719 408 805 inprimis
425 716 480 782 ille
498 715 608 781 fuerit.

152 820 280 886 Deinde
303 830 372 884 tota
398 819 467 884 sere
491 815 661 882 Plutarchi
687 818 831 882 narratio
862 818 892 881 in
922 818 1071 884 laudibus
1099 831 1248 885 versatur

81 924 286 1000 Cleomenis,
320 921 571 1008 Lycurgearum
599 917 751 984 videlicet
778 919 888 1006 legum
914 921 1132 1006 sospitatoris,
1168 945 1248 1009 quas

82 1045 179 1090 nemo
211 1023 366 1088 extulisse
396 1021 583 1108 Phylarcho
613 1020 710 1085 altius
741 1019 861 1086 dicitur
881 1022 925 1086 Ν).
984 1027 1011 1086 Α
1043 1025 1160 1108 quibus
1191 1023 1247 1110 qui

82 1127 286 1192 Achaeorum
311 1136 402 1188 certe
426 1134 536 1210 partes
559 1132 780 1202 sectarentur,
809 1135 876 1188 tam
902 1123 999 1188 alieni
1019 1124 1117 1190 fuisse
1137 1125 1247 1189 viden-

81 1239 158 1307 tur,
184 1238 220 1292 ut
246 1225 432 1316 e-Polybio·
445 1237 479 1290 et
502 1225 558 1311 qui
582 1245 656 1290 eum
681 1237 812 1290 secutus
836 1235 886 1289 est
905 1224 998 1288 Livio
1016 1227 1042 1289 si
1060 1225 1139 1312 quid
1157 1227 1248 1291 colli-

82 1351 166 1416 gere
185 1328 272 1411 licet,
289 1327 449 1414 tyrannis,
473 1327 528 1413 qui
547 1347 621 1392 mox
640 1326 838 1391 exstiterunt
855 1325 941 1392 inter
960 1325 1249 1407 Lacedaemonios,

82 1454 149 1495 non
168 1430 270 1496 multo
287 1451 361 1494 eum
377 1426 549 1515 justiorem
568 1428 734 1492 haberent.
784 1427 932 1493 Patriam
951 1427 998 1492 his
1016 1429 1248 1514 rempublicam

82 1533 277 1598 Cleomenes
295 1553 358 1595 non
378 1530 557 1596 restituisse
574 1529 631 1595 sed
649 1529 1008 1608 evertisse'videbatur,
1034 1533 1089 1616 qui
1110 1533 1248 1616 patriam

81 1634 207 1700 scilicet
231 1633 460 1718 rempublicam
494 1629 573 1716 (τὴν
601 1627 744 1716 πάτριον
766 1628 956 1718 πολιτείαν)
982 1653 1053 1696 eam
1080 1632 1249 1712 haberent,

83 1757 183 1821 quam
216 1735 409 1800 Cleomenes
437 1735 478 1797 ab
510 1733 601 1797 initio
633 1733 727 1818 regni
757 1733 950 1812 invenisset,
988 1755 1126 1819 eamque
1158 1735 1248 1800 illum

82 1837 283 1922 ephororum
310 1837 503 1922 magistratu
528 1836 707 1920 abrogato,
732 1835 851 1898 tabulis
875 1819 983 1914 novis,
1007 1845 1042 1900 et
1064 1836 1155 1900 novis
1171 1837 1250 1900 ciri-

35 1958 42 1964 ·
85 1942 151 2002 bus'
172 1939 203 2001 in
230 1937 459 2023 rempublicam
488 1937 628 2022 receptis
649 1935 745 2000 simili
770 1935 884 2018 modo,
919 1945 954 2000 ut
977 1937 1180 2023 posteriores
1197 1937 1250 2002 isti

84 2041 216 2126 tyranni
242 2039 398 2111 iecerint.
424 2039 607 2124 corrupisse
628 2034 827 2123 judicarent.

157 2142 223 2206 His
239 2141 360 2227 singuli
379 2140 520 2226 denique
540 2139 599 2204 loci
617 2137 750 2226 quidam
767 2139 855 2226 apud
875 2139 1089 2206 Plutarchum
1107 2139 1250 2206 addendi

87 2243 258 2322 videntur,
291 2243 322 2306 in
347 2244 463 2330 quibos
485 2253 543 2306 aut
567 2240 688 2306 diserta
713 2243 771 2306 liat
798 2241 972 2327 Phylarchi
998 2243 1119 2307 mentio
1148 2253 1206 2308 aut
1232 2267 1251 2308 e

86 2347 193 2410 verbis
219 2359 327 2410 tamen
352 2343 495 2410 auctoris
522 2353 713 2429 usurpatum
738 2365 812 2408 eum
845 2342 942 2408 luisse
972 2343 1158 2431 colligatur.
1211 2345 1250 2409 In

84 2447 204 2533 Agidis
221 2445 436 2552 ryuidem·rita
454 2466 519 2510 uno
536 2455 663 2510 tantum
681 2445 715 2508 in
735 2445 807 2510 loco
825 2441 1032 2532 Phylarchus
1054 2466 1253 2512 commemo-

86 2561 181 2613 ratur
204 2547 253 2635 (c.
273 2547 326 2634 9).
369 2549 472 2612 Hunc
489 2559 598 2612 tamen
617 2567 681 2612 non
702 2547 807 2612 minus
820 2547 953 2633 ¹copiose
970 2544 1013 2610 de
1029 2546 1138 2632 Agide
1154 2569 1251 2636 quam

86 2651 130 2715 de
144 2650 321 2716 Cleomene
335 2649 453 2735 egisse,
478 2671 517 2714 ea
530 2649 599 2735 ipsa
613 2647 792 2727 declarant,
818 2671 903 2734 quas
923 2647 965 2714 de
980 2647 1162 2734 Pasiphaae
1179 2673 1253 2716 ora-

86 2751 163 2818 culo
179 2751 300 2818 dixisse
318 2751 435 2816 fertur.
475 2751 528 2815 De
547 2761 653 2816 roorte
670 2771 800 2836 quoque
818 2748 935 2835 Agidis
951 2771 1035 2835 quae
1053 2750 1255 2830 reseruntur,
1325 2805 1329 2808 .

88 2855 134 2919 ita
160 2865 346 2940 comparata
369 2863 463 2932 sunt,
492 2862 527 2917 ut
549 2875 567 2916 a
586 2851 783 2938 Phylarchi,
810 2871 894 2936 quae
911 2849 1009 2916 luisse
1027 2851 1174 2933 videtur,
1202 2875 1254 2919 ra·

89 2957 178 3020 tione
196 2977 259 3020 non
279 2955 486 3021 abhorreant.
529 2954 570 3018 In
589 2953 767 3018 Cleomene
784 2951 963 3040 Phylarchi
983 2955 1105 3018 mentio
1131 2957 1168 3020 fir
1186 2955 1254 3042 pri·

89 3080 179 3122 mum
197 3082 226 3123 c.
247 3065 284 3136 5,
316 3057 369 3122 ubi
388 3079 451 3122 non
471 3054 740 3120 committendum
759 3077 830 3121 esse
845 3055 973 3140 putarit
991 3055 1200 3136 Plutarchus,
1221 3068 1256 3122 ut

89 3160 251 3226 sententia
274 3156 363 3245 ejus,
389 3157 431 3224 de
449 3143 634 3224 Archidami
655 3157 770 3244 Agidis
793 3157 904 3222 fratris
923 3166 1028 3222 morte
1045 3157 1254 3223 Cleomenem

88 3263 294 3340 excusantis,
320 3261 447 3326 silentio
465 3260 754 3324 transmitteretur.
799 3259 886 3322 'l'um
904 3281 975 3345 cap.
991 3266 1025 3339 8,
1050 3261 1103 3324 ubi
1122 3259 1163 3324 de
1181 3262 1256 3324 sub-

91 3365 159 3428 lato
176 3387 195 3428 a
214 3363 390 3428 Cleomene
407 3383 448 3427 ex
467 3361 610 3426 Arcadia
632 3369 818 3426 revertente
840 3360 1037 3446 ephororum
1063 3363 1257 3448 magistratu

90 3487 201 3531 sermo
224 3475 290 3543 est,
322 3465 402 3530 haec
425 3475 501 3528 sunt
526 3465 640 3548 verba:
672 3459 843 3546 γενόμενος
866 3462 903 3526 δὲ
927 3467 982 3548 τῆς
1006 3459 1132 3535 πόλεως
1156 3463 1258 3545 ἐγγυς,

90 3564 312 3654 Εὐρυκλείδαν
333 3573 394 3649 μὲν
417 3566 464 3638 εἰς
483 3564 523 3630 τὸ
544 3569 613 3630 τῶν
634 3562 765 3653 ἐφόρων
786 3570 953 3630 συσσίτων
978 3560 1189 3643 ἀπέστειλεν,
1216 3563 1258 3639 ὥς

89 3693 171 3735 τινα
193 3665 272 3756 παρ’
296 3656 396 3734 abaci
420 3665 518 3750 λόγον
541 3663 610 3732 ἀπὸ
633 3671 789 3755 στρατιᾶς
812 3670 1001 3749 κομίζοντα·
1031 3666 1201 3754 Θηρυκίων
1223 3667 1259 3732 δὲ

92 3777 148 3836 καὶ
174 3773 286 3855 Cottiae
309 3778 365 3835 καὶ
388 3767 446 3836 δύο
469 3773 537 3835 τῶν
558 3767 756 3858 συντρόφων
780 3773 839 3833 τοῦ
863 3769 1085 3850 Κλεομένους,
1112 3765 1167 3842 οὓς
1186 3766 1259 3834 Μό-

92 3881 202 3946 darec
218 3875 387 3951 καλοῦσιν,
405 3869 651 3958 ἐπηκολούθουν
664 3883 727 3936 etc.
766 3871 840 3936 Jaor
855 3891 955 3956 quum
969 3869 1057 3958 apud
1073 3871 1260 3952 Athen.VI,

163 4145 213 4204 11)
236 4141 364 4216 Spectare
379 4137 438 4197 huc
451 4140 533 4198 verba
546 4141 672 4200 videntur
686 4137 828 4198 Plutarchi
843 4135 893 4198 Ar.
910 4145 949 4200 88
969 4141 997 4196 al
1008 4138 1038 4195 δὲ
1052 4137 1212 4210 Κλεομένης
1224 4131 1262 4210 ἦν

1 4259 2 4264 =
94 4221 231 4297 (λέγέσθω
245 4223 299 4295 ybp
313 4221 412 4294 ebroas)
433 4223 598 4298 παράνομος
612 4227 658 4282 καλ
672 4222 837 4296 τυραννικός
852 4235 877 4281 et
892 4225 945 4281 alia
961 4223 1022 4280 eod.
1038 4242 1100 4298 cap.
1128 4223 1161 4278 ln
1177 4222 1263 4279 Cleo·-

1 4309 2 4336 r
95 4310 184 4366 menis
197 4309 255 4365 vita
276 4328 301 4364 c.
317 4316 366 4368 16.
385 4317 433 4370 17.
453 4317 490 4369 19
507 4311 769 4368 commentariorum
786 4307 864 4367 Arati
880 4306 985 4364 mentio
1000 4308 1052 4378 fir,
1072 4304 1188 4363 sednon
1212 4305 1264 4377 ita,

7 4435 11 4444 -
94 4405 129 4452 ut
143 4413 196 4470 pro
211 4392 359 4470 potissimo
373 4390 450 4451 fonte
464 4393 561 4453 haberi
575 4393 691 4472 possint.

166 4501 217 4565 12)
239 4492 383 4554 Plutarch.
408 4492 455 4552 Ar.
473 4501 522 4556 88.

1017 4585 1037 4644 2
