2950 5060
234 579 327 667 παρὰ
351 581 409 644 τού
433 577 603 660 δαιμονίου
626 572 800 659 λαμβάνω,
826 576 971 663 Λαοδίκη
993 578 1046 656 δὲ,
1072 576 1132 644 τὸν
1149 578 1234 645 ἴδιον
1251 575 1403 646 ἀποκτεί-

234 700 323 747 νασα
329 729 342 758 ,
368 677 554 765 τηλικαύτης
570 682 660 764 τιμῆς
676 674 861 756 ἀξιοῦταιῑῑ.

303 781 459 861 Laodice,
482 780 632 846 Antiochi
650 780 734 846 'Phei
754 802 849 858 uxor,
874 781 1040 863 maritum,
1068 781 1122 869 qui
1142 780 1313 868 repudiata
1333 785 1401 868 ipsa

234 883 431 960 Berenicen,
460 882 640 948 Ptolemaei
659 879 863 968 Philadelphi
885 883 997 964 filiam,
1024 883 1176 963 duxerat,
1202 906 1401 970 quamquam

236 985 476 1052 reconciliatum
505 997 614 1072 postea
638 983 717 1062 sibi,
750 983 969 1050 interiecerat.
1020 984 1140 1050 Flathe
1164 985 1221 1062 II,
1256 1008 1287 1070 p.
1316 993 1401 1052 206.

235 1089 313 1164 Mox
338 1098 447 1152 autem
474 1087 541 1172 ipsu
562 1086 721 1150 Berenice
744 1107 817 1150 cum
838 1085 905 1150 filio
923 1086 1046 1164 occisa,
1075 1086 1193 1152 bellum
1213 1086 1403 1151 imminebat

234 1213 307 1254 cum
336 1188 525 1254 Ptolemaeo
550 1188 737 1274 Evergete‚
772 1187 946 1252 Berenices
973 1187 1086 1253 fratre.
1136 1187 1176 1252 In
1200 1209 1265 1273 quo
1289 1211 1399 1254 rerum

234 1289 420 1356 discrimine
438 1289 640 1376 Sophronam
661 1290 756 1352 istum
778 1287 921 1354 Laodice
939 1298 1124 1375 suspectum
1143 1289 1291 1354 habuisse
1311 1290 1399 1354 vide-

233 1405 299 1456 tur.
345 1391 511 1478 Ephesum
538 1391 664 1478 tamin
690 1399 850 1476 potestate
869 1392 1108 1480 Aegyptiorum
1133 1391 1248 1467 luisse,
1274 1402 1401 1456 aertee

237 1494 353 1580 Polyb.
380 1493 428 1570 V,
454 1495 501 1560 34
532 1503 566 1558 et
599 1499 666 1572 35,
707 1513 788 1577 quos
814 1491 901 1557 locos
928 1491 1070 1557 laudavit
1101 1491 1403 1578 Schweighaeuser,

232 1595 344 1682 colligi
365 1589 426 1659 non
447 1605 563 1682 potest.
590 1631 640 1642 —
667 1593 817 1674 Leontii,
845 1594 980 1680 Epicuri
998 1594 1133 1673 amicae,
1159 1593 1237 1659 satis
1254 1593 1402 1658 celebra·

234 1709 303 1762 tum
322 1695 409 1782 apud
436 1709 560 1762 veteres
578 1717 694 1760 nomen
714 1693 813 1760 luisse
838 1695 978 1760 videtur.
1024 1695 1191 1762 Plutarch.
1218 1718 1280 1759 non
1307 1719 1401 1782 posse

234 1823 322 1864 suav.
344 1799 404 1862 vivi
423 1821 487 1863 sec.
508 1795 643 1884 Epicur.
663 1820 694 1883 p.
715 1803 825 1875 1097,
844 1797 886 1862 D.
909 1833 951 1843 -—
979 1795 1152 1886 πάρεδρος.
1186 1795 1320 1862 Belrker
1337 1801 1401 1860 An.

235 1905 294 1966 Gr.
321 1900 418 1964 Tam.
440 1901 467 1974 l,
493 1923 523 1986 p.
541 1907 612 1968 288
641 1894 799 1984 πύρὲδροι
817 1896 852 1962 οἱ
866 1895 1053 1987 αἱρούμενοι
1070 1908 1137 1972 τοῖς
1154 1895 1312 1987 ἄρχουσιν
1328 1897 1404 1964 οἷον

233 2007 349 2088 βοηθοὶ
367 2007 420 2065 καῖ
439 1998 613 2086 σύμβουλοι
630 2007 684 2066 καὶ
702 1997 850 2084 φύλακες.
868 2037 918 2049 -
932 2003 1199 2088 παρακολουθεῖν
1216 2000 1354 2086 (Polyb.
1371 2002 1403 2078 l,

239 2114 298 2183 12,
324 2111 356 2170 7.
386 2111 446 2181 67,
478 2111 530 2169 ta.
563 2103 633 2182 ΙΙΙ,
659 2109 720 2181 32,
746 2109 780 2168 2.
814 2102 859 2182 Χ,
884 2109 945 2184 38,
972 2109 1005 2171 3.
1034 2103 1150 2170 Athen.
1176 2103 1263 2188 I„p.
1291 2113 1324 2181 6,
1351 2102 1403 2188 F)

234 2207 369 2292 adsequi
395 2205 416 2268 i.
435 2229 464 2269 e.
489 2227 706 2290 cognoscere,
734 2203 928 2290 intelligere.
953 2243 1002 2254 —
1028 2201 1099 2270 tut·
1117 2201 1287 2286 συλλαβών
1306 2205 1403 2290 „qui-

235 2309 294 2374 bus
310 2306 486 2394 cognitis“.
532 2307 644 2386 „Dicit
662 2316 789 2386 auctor,
815 2305 982 2372 simulasse
1002 2307 1217 2394 Sophronem,
1245 2315 1324 2370 nutu
1345 2304 1403 2370 illo

234 2433 254 2475 a
279 2433 313 2474 se
340 2408 469 2494 petiisse
492 2406 614 2494 aliquid
639 2407 795 2486 Danaen,
821 2419 855 2472 et
877 2407 922 2472 illi
949 2407 1172 2495 (audientibus
1190 2407 1279 2492 aliis)
1305 2405 1404 2486 dixit,

235 2535 269 2578 se
287 2509 333 2574 illi
352 2508 482 2597 quidem
503 2508 536 2573 id
554 2509 830 2596 gratificaturum,
856 2508 913 2574 sed
932 2520 1039 2576 tamen
1059 2510 1191 2575 biduum
1211 2509 1271 2574 sibi
1290 2519 1404 2596 petere

235 2611 348 2699 spatii,
382 2633 447 2698 quo
472 2633 571 2697 super
596 2633 633 2676 ea
661 2634 695 2675 re
720 2611 858 2696 amplius
883 2609 1115 2689 deliberarev‘.
1160 2612 1210 2676 Ita
1235 2609 1404 2696 Schweig-

236 2713 384 2780 haeuser.
434 2712 498 2778 Sed
526 2713 641 2778 mirum
669 2723 775 2778 tamen
802 2722 905 2792 esset,
936 2715 963 2778 si
994 2713 1142 2800 Sophron
1174 2713 1307 2777 biduum
1339 2712 1401 2774 sibi

235 2815 444 2901 expetivisset
469 2813 510 2878 ad
536 2815 780 2880 deliberandum
806 2813 847 2878 de
871 2837 929 2894 eo,
956 2817 1042 2902 quod
1062 2815 1186 2880 nonnisi
1208 2825 1404 2900 pernotum

236 2917 296 3003 ipsi
316 2917 431 2982 Danae
454 2937 532 2980 ausa
558 2916 671 2981 luisset
691 2917 888 3004 significare.
933 2915 1103 2982 Excidisse
1121 2915 1242 3003 aliquid
1262 2915 1405 2978 videtur.

237 3016 380 3083 Laodice
404 3017 511 3096 enim,
537 3041 619 3104 quae
645 3028 731 3082 tecte
753 3040 827 3082 eum
853 3039 873 3080 e
890 3017 998 3082 medio
1015 3018 1131 3084 tollere
1148 3028 1303 3104 cuperet,
1328 3017 1406 3080 olfi-

235 3120 321 3184 cium
341 3120 408 3184 sive
428 3141 545 3184 munus
562 3117 725 3206 quoddam
745 3120 774 3184 ei
794 3115 971 3203 injunxisse
990 3118 1129 3186 videtur.
1174 3121 1247 3184 Jam
1267 3118 1334 3197 ille,
1360 3121 1408 3182 sic

236 3221 323 3286 enim
342 3222 481 3306 scriptor
500 3222 628 3307 pergit,
654 3220 916 3286 animadvertens
933 3221 1085 3308 quidem,
1112 3221 1190 3310 quid
1209 3221 1262 3285 illa
1282 3220 1407 3284 machi-

238 3333 373 3388 naretur
399 3321 486 3406 (per
511 3323 647 3388 Danaen
673 3321 851 3410 edoctus),
881 3321 939 3388 sed
965 3323 1138 3403 simulans,
1165 3345 1288 3388 morem
1312 3345 1358 3408 se·
1376 3321 1408 3385 ei

236 3447 374 3512 gerere,
402 3423 534 3490 biduum
562 3425 621 3489 sibi
639 3423 680 3488 ad
699 3423 944 3490 deliberandum
964 3425 1132 3511 expetivit.
1156 3457 1207 3473 -
1240 3424 1308 3488 Pro
1333 3422 1407 3487 ἑπι-

236 3526 483 3610 σομβαλλομένη
499 3524 686 3612 Schweigh.
705 3536 793 3590 recte
812 3525 860 3589 ἔτι
878 3527 1139 3612 συμβαλλομένη.
1166 3525 1319 3608 ἐπισυμβ.
1339 3546 1408 3588 non

236 3627 388 3694 convenit
405 3622 609 3692 antecedenti
628 3631 919 3714 τῶνπρογεγενημ.
937 3663 990 3676 ··-
1010 3630 1132 3694 Φασίν.
1177 3627 1410 3714 Phylarcheae
1460 3625 1461 3701 l

238 3729 432 3794 narrationis
450 3740 544 3796 tenor
561 3739 721 3794 servatur.
1109 3776 1110 3782 ι

306 3831 424 3896 Athen.
443 3830 547 3909 Xlll,
574 3853 605 3917 p.
633 3837 719 3908 606,
743 3831 786 3896 D.
834 3827 1005 3918 Φύλαρχος
1029 3835 1107 3913 γοῦν
1130 3830 1167 3896 ἒν
1183 3834 1222 3922 τῇ
1240 3826 1409 3920 δωδεκάτη

237 3933 428 4019 ,,Κοίρανος
451 3937 582 4016 (φησὶν)
609 3928 627 3998 ὃ
645 3929 806 4018 Μιλήσιος
823 3933 903 3997 ἰδὼν
920 3929 1032 4006 ἁλιέας
1048 3937 1094 4019 τῷ
1112 3929 1226 4017 δικτύῳ
1244 3927 1410 4014 λαβόντας

237 4035 377 4120 δελφῖνα
402 4040 456 4098 καὶ
481 4035 658 4116 μέλλοντας
681 4032 899 4100 κατακόπτειν
923 4030 1076 4122 ἀργύριον
1081 4083 1094 4112 ,
1121 4034 1195 4106 δούς
1217 4041 1271 4098 καὶ
1294 4057 1409 4117 παρα-

238 4133 441 4222 στησάμενος
471 4131 594 4221 ἀφῆκεν
622 4137 668 4208 εἰς
697 4137 734 4200 τὸ
758 4138 914 4218 πέλαγος.
947 4143 1002 4202 καὶ
1025 4134 1110 4219 μετὰ
1133 4139 1240 4200 ταῦτα
1263 4139 1412 4217 ναυαγίᾳ

237 4236 440 4326 χρησάμενος
462 4245 539 4324 περὶ
563 4234 722 4302 Μύκονον
743 4245 798 4304 καὶ
821 4235 958 4304 πάντων
983 4234 1199 4322 ἀπολομένων
1220 4233 1321 4320 μύνος
1341 4233 1413 4300 rimi

238 4341 389 4427 δελφῖνος
412 4337 525 4425 ἐσώθη
556 4336 777 4427 ὁΚοῑρανος.
810 4338 1062 4426 τρλευτὴσαντος
1086 4339 1123 4406 δὲ
1146 4334 1248 4406 advari
1271 4343 1413 4426 γηραιοῦ

240 4443 277 4509 ἐν
301 4448 340 4534 τῇ
364 4442 498 4528 πατρίδι
520 4449 574 4507 καλ
596 4445 651 4526 τῆς
673 4441 813 4528 ἐκφορᾶς
837 4442 930 4529 παρὰ
953 4443 1012 4528 τὴν
1028 4439 1204 4509 θάλατταν
1221 4445 1415 4524 γιγνομένης
1459 4449 1460 4498 l
