2950 5060
238 571 376 638 aliorum
403 569 629 638 historicorum
660 567 730 634 laos
755 570 909 645 ‚imminet
942 569 1081 638 videtur.
1133 573 1293 640 Graviora
1318 586 1409 658 sunt,

239 697 325 761 qnae
342 684 512 762 praeterea
531 669 828 759 reprehenduntur,
854 670 943 760 quod
962 693 1022 739 noc
1039 673 1164 740 alienus
1182 675 1282 742 luerit
1297 697 1316 740 a
1331 699 1409 763 par-

239 777 321 840 tium
345 774 453 842 studio
477 784 511 840 et
534 773 736 861 tragicorum
762 783 932 860 poetarum
959 775 1060 842 instar
1079 777 1112 840 in
1129 778 1292 864 augendis
1309 780 1410 845 rebus

238 879 419 964 animisque
444 877 602 942 lectorum
628 873 869 941 commovendis
893 877 999 964 magis
1015 877 1075 943 sibi
1092 899 1189 965 quara
1208 879 1241 944 in
1261 881 1410 947 raritatis

238 979 347 1044 studio
364 978 535 1069 placuerit.
578 979 631 1043 De
654 976 811 1064 hisquae
833 976 972 1049 dicenda
994 990 1088 1059 suot,
1113 1001 1213 1066 quum
1238 980 1281 1046 ad
1306 981 1409 1048 libros

238 1080 310 1147 iere
333 1081 529 1168 posteriores
552 1079 758 1166 pertineant,
783 1077 966 1166 dequibus
989 1080 1074 1167 quae
1097 1080 1256 1170 Polybius
1280 1083 1408 1163 retulit,

237 1182 437 1270 singularem
464 1182 632 1269 requirere
651 1179 908 1268 disquisitionem
930 1180 1143 1263 videbantur,
1168 1185 1302 1250 seorsim
1328 1207 1406 1251 mox

237 1285 500 1372 explicabuntur.
536 1285 636 1350 Nunc
652 1282 733 1349 illud
751 1292 878 1350 tantam
895 1271 1149 1365 meminerimuh,
1166 1287 1407 1374 a'Pheopcmpi

238 1385 316 1452 inde
332 1397 448 1452 aetate
459 1384 596 1471 vulgare
613 1383 773 1472 imprimis
788 1407 848 1471 per
865 1385 1037 1452 Graeciam
1062 1385 1161 1454 luisse
1178 1385 1406 1455 historicorum

236 1511 361 1576 genus,
385 1487 443 1575 qai
468 1507 509 1551 ex
535 1487 703 1567 rhetorum
726 1483 895 1574 disciplina
920 1487 1076 1575 proiecti,
1103 1489 1136 1554 in
1160 1488 1250 1554 libris
1274 1511 1408 1578 quoque

238 1589 305 1655 suis
330 1591 434 1675 magis
457 1598 604 1656 oratores
627 1611 724 1678 quam
749 1587 918 1656 historicos
940 1598 1099 1676 agerent,
1131 1599 1230 1678 atque
1245 1603 1406 1658 ornatum

239 1692 347 1778 potius
363 1714 405 1756 ac
419 1689 624 1777 splendorem
643 1712 740 1778 quam
759 1688 858 1758 fidem
878 1711 988 1756 rerum
1007 1703 1204 1778 spectarent.
1253 1692 1304 1760 ‚td
1324 1716 1407 1782 quos

238 1795 431 1881 scriptores,
464 1815 602 1880 quorum
630 1815 693 1858 non
720 1813 785 1858 uno
810 1792 881 1858 loco
906 1792 1066 1880 Polybius
1092 1793 1254 1860 levitatem
1271 1817 1406 1861 accusa-

234 1896 302 1976 vit,
337 1895 492 1982 suspicari
519 1894 646 1975 iicebit,
679 1893 902 1981 Phylarchum
934 1916 1064 1982 quoque
1088 1895 1296 1962 referendum
1321 1921 1406 1979 esse,

238 1998 386 2084 quamvis
408 1995 515 2060 oratio
539 1993 610 2083 ejus
636 2017 695 2064 nec
718 1993 760 2060 ad
785 1997 1053 2084 compositionem
1078 1999 1251 2063 verborum
1279 2021 1339 2064 nec
1362 2000 1404 2064 ad
1461 2075 1462 2090 χ

237 2099 338 2165 Attici
355 2098 512 2163 sermonis
529 2100 711 2164 castitatem
729 2093 948 2164 severioribus
964 2121 1077 2166 earum
1093 2121 1206 2166 reru·
1218 2101 1406 2167 censoribus
1454 2085 1457 2092 ¹

237 2201 316 2266 satis
334 2200 528 2288 probaretur
539 2201 572 2265 ⁵).
617 2239 620 2246 ·
1461 2245 1462 2292 q

305 2304 360 2370 De
385 2303 512 2368 ratione
541 2312 576 2367 et
598 2301 733 2370 consilio
757 2301 857 2368 totius
883 2303 992 2389 operis
1021 2325 1041 2368 a
1066 2303 1279 2391 fragmentis,
1318 2325 1404 2392 quae
1461 2375 1462 2400 ,

193 2477 198 2482 ,
236 2413 377 2470 aetatem
397 2403 562 2481 tulerunt,
588 2405 640 2469 vix
659 2416 729 2482 est,
754 2403 843 2490 quod
861 2404 969 2490 aliqua
987 2425 1061 2469 curn
1081 2406 1315 2492 probabilitatis
1331 2429 1404 2493 spe·
1461 2401 1462 2434 ³

235 2505 286 2573 cie
310 2504 468 2592 disputari
495 2505 604 2592 possit.
647 2507 796 2579 Quorum
825 2527 924 2593 quum
952 2505 1090 2592 plurima
1114 2529 1156 2573 ex
1183 2509 1221 2573 iis
1246 2507 1323 2574 locis
1347 2507 1404 2573 de-

237 2619 387 2696 prompta
411 2607 493 2687 sint,
524 2607 580 2694 qai
605 2629 624 2671 a
651 2604 837 2695 Phylarcho
849 2607 989 2673 nonnisi
1014 2631 1073 2696 per
1097 2608 1332 2696 digressionem
1352 2631 1403 2674 re-

234 2710 322 2796 cepti
345 2708 536 2788 videantur,
577 2720 704 2776 tantam
733 2710 843 2789 abest,
882 2720 919 2774 ut
944 2731 1055 2776 rernm
1078 2711 1120 2776 ab
1144 2735 1184 2776 eo
1209 2711 1403 2777 traditarum

235 2822 444 2899 conspectum
462 2810 626 2898 quendam
644 2812 837 2891 exhibeant,
864 2822 900 2876 ot
925 2833 967 2877 ne
990 2810 1187 2899 conjecturis
1211 2812 1343 2899 quidem
1362 2812 1404 2879 de

235 2935 276 2978 eo
294 2912 449 2978 iaciendis
467 2911 558 2977 locus
573 2915 626 2978 sit.
669 2913 850 2978 Extremae
874 2922 1000 2978 tautum
1026 2916 1110 3001 parti
1134 2913 1206 3000 ejus
1227 2913 1281 2978 lux
1299 2937 1420 3001 quae·x
1460 2977 1461 2984 ,

236 3013 312 3080 dam
329 3013 513 3080 affunditur
529 3035 589 3092 eo,
614 3012 702 3101 quod
719 3025 754 3079 et
771 3014 931 3100 Polybius
949 3027 1080 3081 narrata
1098 3017 1256 3104 quaedam
1274 3038 1294 3082 a
1312 3017 1403 3104 Phy-

236 3116 349 3182 larcho
372 3113 589 3183 examinanda
613 3130 647 3182 et
672 3114 848 3181 refellenda
874 3117 939 3181 sibi
956 3139 1026 3183 esse
1044 3119 1189 3204 putavit,
1213 3127 1250 3183 et
1270 3117 1404 3183 Plutar—
1460 3109 1461 3146 l

236 3219 316 3286 chus
334 3219 366 3284 in
382 3216 498 3306 Agidis
516 3228 549 3283 et
566 3216 753 3285 Cleomenis
771 3217 843 3284 vitis
861 3241 880 3283 e
895 3218 1075 3306 Phylarchi
1093 3220 1295 3306 potissimum
1315 3219 1404 3286 libris
1460 3237 1461 3312 j

237 3319 380 3386 hausisse
398 3341 455 3386 sua
479 3319 618 3386 videtur.

305 3423 354 3488 Ac
376 3421 503 3510 Polybii
522 3422 653 3509 quidem
680 3422 721 3489 de
739 3421 919 3488 Plutarcho
940 3419 1099 3510 judicium
1125 3434 1335 3510 provocatum
1354 3433 1405 3490 est

236 3523 295 3604 iis,
328 3523 479 3612 quaeda
502 3522 665 3589 bello-ille
689 3525 898 3611 Cleomenico
916 3536 1117 3592 narraverat.
1160 3521 1284 3614 In-quc
1303 3547 1404 3612 quum

236 3635 271 3692 et
294 3630 396 3694 Arato
419 3638 454 3692 et
478 3625 617 3692 Achaeis
641 3625 787 3692 infestior
819 3626 918 3692 luisse
943 3625 1129 3707 videretur,
1162 3649 1223 3692 nec
1253 3627 1406 3703 demsent

235 3738 364 3807 tamen,
391 3728 507 3815 quihus
532 3728 731 3814 probavisset
755 3750 832 3806 sua,
858 3751 921 3792 non
948 3729 1218 3796 committendum
1244 3727 1405 3814 Polybius

237 3840 340 3909 ratus,
368 3841 403 3894 ut
425 3829 647 3909 „mendacitas
664 3851 738 3894 curn
758 3831 895 3895 veritate
909 3827 977 3916 jorn
995 3831 1136 3916 amplius
1153 3830 1405 3910 contenderet“,
1459 3913 1460 3916 Ἴ

235 3933 407 4020 abreptum
433 3955 507 3998 eum
537 3931 676 4018 partium
707 3930 815 3997 studio
842 3953 951 3997 rerum
976 3955 1072 4019 saepe
1096 3933 1194 4000 fidem
1220 3931 1405 4018 corrupisse

236 4035 417 4115 accusavit,
444 4035 499 4120 qui
517 4034 632 4098 animis
650 4032 718 4098 lere
732 4033 894 4099 lectorum
914 4034 1155 4100 commovendis
1180 4035 1274 4100 unice
1298 4035 1404 4097 iuten-

237 4145 309 4216 tus,
339 4134 401 4201 alia
426 4147 550 4202 temere
574 4135 758 4216 effinxerit,
791 4135 854 4201 alia
882 4135 967 4202 ultra
994 4133 1126 4202 modurn
1153 4137 1303 4216 auxerit,
1341 4134 1403 4198 alia

301 4373 350 4508 5)θ
362 4366 478 4468 lticnys.
505 4369 597 4428 Halic.
617 4368 659 4448 *de
683 4387 780 4446 comp.
806 4367 880 4428 verb.
907 4389 938 4447 p.
968 4377 1015 4430 18.
1045 4370 1089 4429 ed.
1117 4379 1180 4428 ster.
1227 4365 1404 4446 Phrynichus

237 4471 263 4508 V.
292 4472 327 4508 κα
351 4470 393 4512 ως.
