2950 5060
70 595 209 664 πάντων
232 591 482 676 ἆπεχδέστατος
507 590 525 661 ό
543 595 733 677 Λυσίμαχος
757 591 848 681 αὐτῷ
870 601 925 659 καὶ
941 595 1100 684 λοιδορῶν
1117 597 1162 670 εἰς
1178 597 1238 662 τόν

72 701 180 788 ἔρωτα
202 703 258 784 τῆς
275 699 405 781 Λαμίας
429 697 536 778 ἔλεγεν
554 700 614 762 νῦν
630 701 765 783 πρῶτον
782 693 959 784 ἑωρακέναι
976 696 1103 785 πόρνην
1119 723 1237 786 προερ-

71 806 212 886 χομένην
229 801 264 868 έκ
280 803 428 889 τραγικῆς
445 803 575 884 σκηνῆς·
597 795 614 864 ό
633 798 668 863 δὲ
686 796 865 886 Δημήτριος
883 799 945 885 ἔφη
963 805 1240 888 σωφρονεστέραν

71 903 235 988 εἶναιτὴν
252 900 369 968 ἑαυτοῦ
386 898 512 990 πόρνην
529 905 583 986 τῆς
599 901 722 966 ἐκείνου
743 898 950 986 Πηνελόπης,
977 901 1147 968 decurtata
1172 903 1239 967 for-

72 1017 157 1070 tasse
180 1029 199 1069 e
225 1003 438 1091 Phylarcheis
461 1003 534 1068 iliis.
578 1002 643 1067 Sed
665 1002 759 1067 iatius
776 1004 872 1068 etiam
897 1026 964 1068 rem
984 1015 1117 1089 patere,
1143 1003 1240 1070 docet

72 1109 129 1194 qui
158 1129 233 1170 mox
257 1108 416 1171 afferetur
436 1103 612 1192 Phylarchi
632 1128 651 1170 e
670 1104 752 1168 libro
770 1101 841 1190 ejus
859 1115 976 1192 quarto
994 1105 1120 1170 decimo
1139 1105 1240 1183 iocus,

73 1209 106 1272 in
133 1231 198 1294 quo
221 1207 335 1274 eadem
362 1215 499 1294 apparet
521 1205 690 1292 utriusque
707 1206 874 1294 scriptoris
891 1207 1071 1274 consensio.
1116 1207 1240 1273 Corace

73 1309 116 1375 ad
140 1308 306 1379 Plutarchi
325 1311 474 1376 Demetr.
495 1311 554 1375 25.

562 1491 646 1548 mu.
664 1493 751 1550 vu.

144 1613 263 1679 Athen.
281 1611 358 1690 XV,
385 1634 417 1698 p.
439 1615 525 1689 673,
543 1609 584 1676 F.
628 1607 749 1676 Μόνον
766 1610 826 1699 γὰρ
844 1607 931 1677 τοῦτ’
949 1611 1034 1678 λδιον
1051 1615 1174 1701 εἴρηκεν
1192 1609 1242 1678 ὅτι

79 1714 252 1803 Φύλαρχος
269 1713 306 1780 έν
322 1719 361 1808 τῇ
379 1711 496 1806 ἑβδόμη
515 1716 582 1776 τῶν
598 1709 753 1800 ἱστοριῶν
771 1714 839 1780 οἶδε
855 1713 915 1799 την
938 1715 1021 1778 κατὰ
1038 1711 1137 1798 λόγον
1154 1713 1241 1780 ἵστο-

75 1825 171 1907 ρίαν,
197 1824 250 1882 καὶ
268 1815 318 1882 ὅτι
336 1812 412 1883 οὔτε
428 1816 471 1880 τὰ
488 1817 685 1880 Νικαινέτου
704 1815 793 1881 οἶδεν
817 1811 893 1882 οὕτε
916 1817 959 1880 τὰ
971 1813 1201 1905 Ἀνακρέοντος
1224 1812 1242 1881 ό

75 1915 293 2007 συγγραφεύς·
321 1915 470 1996 ἀπέδειξε
494 1917 530 1982 δὲ
552 1923 606 1980 καὶ
631 1916 862 2001 διαφωνοῦντα
880 1913 983 1984 αὐτὸν
1000 1915 1069 1983 κατ’
1087 1919 1159 1986 ἔνια
1176 1922 1244 1984 τοῖν

75 2022 321 2109 ἱστορηθέντων
338 2020 431 2110 παρὰ
451 2023 498 2106 τῷ
515 2016 711 2106 Μηνοδότῳ.
1284 2105 1286 2110 Ι

147 2141 229 2205 Loci
244 2135 610 2225 explicatioquaerenda
627 2148 676 2203 est
689 2137 775 2224 apud
786 2139 889 2226 ipsum
899 2138 1100 2204 Athenaeum
1116 2163 1147 2226 p.
1158 2147 1243 2218 671,

77 2244 119 2308 Ε.
156 2243 224 2306 Καὶ
249 2241 304 2305 διὰ
327 2245 361 2304 τί
374 2241 468 2326 παρὰ
485 2245 532 2326 τῷ
549 2235 638 2325 αὐτῷ
655 2245 772 2333 ποιητῇ
795 2238 880 2326 λόγῳ
899 2265 984 2314 τινες
1002 2247 1245 2326 στεφανοῦνται

76 2345 142 2430 (ιο.
161 2341 246 2430 apud
266 2329 548 2431 Anacreontem):‹
568 2349 649 2427 φησὶ
667 2341 727 2429 γὰρ
746 2341 783 2407 έν
800 2348 846 2430 τῷ
864 2343 1003 2430 δευτέρῳ
1021 2348 1088 2410 τῶν
1104 2345 1212 2428 μελῶν

197 2480 369 2564 Μεγίσδης
390 2474 424 2542 δ’
443 2473 460 2544 ό
478 2474 652 2566 φιλόφρων
669 2477 746 2543 δέκα
765 2478 802 2564 δη
819 2482 915 2565 μῆνες
931 2477 1046 2565 ἐπειδὴ

199 2582 435 2667 Στεφανοόταί
449 2604 486 2646 τε
502 2578 587 2666 λόγῳ
605 2587 658 2645 καλ
676 2578 778 2670 τρόγα
794 2586 883 2648 πίνει
900 2581 1062 2666 μελιηδέα.

77 2715 95 2784 ὃ
123 2716 184 2804 γὰρ
210 2721 264 2802 τῆς
285 2715 381 2798 λόγου
406 2720 571 2802 στέφανος
590 2712 729 2789 ἄτοπος·
757 2715 839 2802 πρὸς
856 2715 995 2799 δεσμοδς
1012 2716 1073 2804 γὰρ
1096 2723 1151 2780 καὶ
1168 2718 1245 2782 πλέ-

76 2844 187 2902 γματα
210 2813 228 2904 η
252 2816 345 2900 λόγος
368 2816 559 2904 ἐπιτήδειος.
614 2817 819 2884 Referuntur
845 2840 919 2882 mcx
944 2820 1247 2905 grammaticorum,

77 2923 135 3008 qui
153 2922 361 2986 commentati
380 2931 474 2986 erant
493 2920 535 2986 de
554 2925 778 2998 Anacreonte,
806 2919 1004 3001 Aristarchi,
1032 2921 1154 2986 'Penari
1173 2944 1247 2986 sen-

78 3023 222 3100 tentiae,
250 3045 308 3088 nec
326 3045 384 3088 eae
402 3033 510 3087 tamen
529 3021 738 3088 sufficientes.
791 3023 910 3087 Veram
933 3023 979 3088 rei
998 3023 1246 3109 explicationem

78 3126 243 3190 inventam
263 3147 333 3190 esse
351 3148 369 3188 a
384 3125 562 3190 Menodoto
576 3127 686 3189 Samio
704 3123 755 3208 (in
776 3123 858 3188 libro
876 3123 916 3189 de
930 3125 1018 3188 Sami
1038 3123 1161 3188 insulae
1181 3147 1248 3190 me·
1356 3184 1361 3202 ,

78 3225 327 3314 morahiiibus),
355 3227 408 3292 ubi
426 3226 511 3313 λόγῳ
534 3237 570 3290 ut
589 3237 761 3290 uterentur
779 3226 810 3290 in
830 3227 957 3290 coronis
978 3225 1156 3305 nectendis,
1183 3227 1247 3290 Ca-

79 3351 146 3406 res,
174 3339 299 3392 veteres
316 3329 404 3392 Sami
428 3329 571 3406 incolae,
585 3339 764 3392 commotos
782 3321 913 3392 oracuio
933 3327 1071 3415 quodam
1091 3327 1249 3414 Apoiiinis

77 3453 151 3495 csse
169 3427 424 3494 demonstratum
444 3432 495 3496 sit.
532 3431 637 3503 Quam
657 3428 825 3494 Menodoti
843 3432 1050 3508 sententiam,
1076 3431 1248 3498 Nicaeneti

77 3552 211 3616 quoque
230 3531 330 3596 Samii
350 3525 464 3618 poetae
482 3533 626 3598 carmine
641 3532 781 3619 quodam
797 3533 1035 3610 confirmatam,
1053 3532 1248 3596 suffuratum

77 3634 124 3696 ita
151 3655 220 3696 esse
248 3633 523 3717 Hephaestionem
548 3635 819 3720 grammaticum,
848 3643 883 3697 ut
902 3633 962 3697 hoc
981 3643 1105 3698 tantum
1132 3632 1173 3698 de
1191 3656 1250 3698 suo

76 3733 213 3812 dixerit,
234 3733 453 3820 phylarchum
475 3736 564 3800 ihum
583 3736 689 3800 salicis
708 3757 799 3800 usum
819 3734 956 3814 novisse,
974 3757 1170 3822 quamquam
1192 3757 1251 3801 nec

78 3833 254 3900 Nicaeneti
270 3835 321 3900 ilia
339 3837 621 3902 necAnncreontis
637 3837 779 3914 sciverit,
797 3835 1111 3930 nnonnuhisautem
1123 3860 1251 3918 eorum,

75 3957 166 4021 quae
184 3936 269 4020 apud
284 3937 496 4006 Menodotum
516 3939 636 4004 tradita
655 3939 740 4014 sint,
765 3936 963 4003 dissensisse.
1005 3939 1092 4004 Satis
1109 3939 1251 4026 diligens

78 4037 186 4122 igitur
205 4037 411 4125 Phylarchus
431 4053 576 4106 veterum
596 4039 782 4126 mythorum
803 4052 1038 4125 perscrutator.

150 4155 258 4221 Schoi.
275 4159 446 4244 Appollon.
462 4161 524 4240 lv,
548 4165 654 4228 1561.
681 4153 871 4245 Εὐρύπυλος
888 4159 1095 4232 Ποσειδῶνος
1112 4157 1180 4232 υἱὸς
1196 4165 1251 4224 καὶ

78 4258 263 4331 Κελαινοῦς
280 4265 334 4344 τῆς
343 4256 534 4338 Ἄτλαντος,
552 4261 703 4346 βασιλεῦς
720 4261 756 4326 δὲ
772 4257 930 4348 Κυρήνης.
973 4258 1144 4348 Φύλαρχος
1161 4261 1196 4326 δὲ
1214 4260 1252 4326 ἐν

76 4357 206 4446 ἑβδόμην
224 4354 373 4449 Εόρυτον
390 4359 492 4429 αὐτὸν
508 4366 610 4441 καλεῖ,
628 4369 683 4428 καὶ
700 4359 846 4448 ἆδελφδν
863 4358 966 4429 αὐτοῦ
982 4358 1166 4450 ἀναγράφει
1184 4363 1249 4428 Λυ-

75 4461 196 4528 κάονα.
242 4464 317 4530 Vid.
342 4465 464 4532 Miiher
481 4466 637 4533 Orchom.
663 4487 693 4552 p.
714 4467 799 4533 348.
820 4466 906 4532 349.
936 4502 939 4511 ·

501 4647 523 4739 Ι
568 4653 570 4656 ,
