2950 5060
4 407 10 435 ι

4 446 16 502 λ

75 597 167 662 δίον.
194 581 314 684 γράφει
331 591 365 660 δ’
383 591 486 670 οὕτως
501 590 647 682 ,ςΤοότη
663 594 700 662 δὲ
715 599 763 684 τῷ
779 591 937 683 ἐλέφαντι
955 603 1172 689 συνετρέφετο
1191 600 1251 688 θό-

4 765 5 770 ,
74 699 151 764 λεια
164 697 296 784 ἐλέφας,
320 694 361 783 ἢν
374 697 521 762 Νίκαιαν
532 694 681 762 ἐκάλουν·
698 689 726 784 ᾧ
742 699 927 766 τελευτῶσα
943 697 964 788 ἣ
980 705 1039 798 τοό
1052 699 1156 772 Ἰνδοῧ
1171 703 1250 790 γυνη

74 799 215 867 παιδίον
231 795 328 885 αὑτῆς
344 806 577 886 τριακοσταῖον
592 803 865 886 παρακατέθετο.
890 797 1128 892 ἀποθανούσης
1145 807 1181 872 δὲ
1195 811 1252 892 τῆς

75 897 280 988 άνθρῶπου,
314 897 403 986 δεινή
427 923 475 974 τις
499 901 715 990 φιλοστοργία
744 906 856 985 γέγονε
879 909 939 971 τοό
961 911 1081 996 θηρίου
1104 907 1189 996 πρὸς
1210 908 1250 974 τδ

75 1003 224 1088 παιδίον.
243 997 318 1069 οότε
335 1002 395 1090 γάρ
414 997 472 1067 ἀπ’
491 999 593 1070 αὗτοῶ
608 1000 826 1092 χωριζόμενον
840 1005 882 1072 τδ
898 1009 1018 1095 βρέφος
1034 1005 1206 1092 ὑπέμενεν.
1230 1006 1249 1076 ὃ
1367 1081 1369 1084 ,

76 1105 128 1182 δὲ,
152 1105 184 1169 ελ
197 1104 240 1189 μη
256 1105 371 1188 βλέποι
388 1103 427 1169 ιδ
443 1104 591 1183 παιδίον,
615 1101 793 1190 ἤσχαλλεν.
817 1103 865 1172 ὅτ’
882 1103 942 1176 οὖν
958 1105 978 1194 η
995 1111 1117 1198 τροφὸς
1127 1108 1247 1198 ἕμπχῆ.

78 1225 170 1272 σειεν
200 1201 280 1272 αὐτὸ
308 1209 368 1272 τοῦ
393 1202 570 1287 γάλακτος,
598 1202 665 1272 άνδ
686 1211 791 1290 μέσον
813 1213 880 1276 τῶν
909 1209 1025 1278 ποδῶν
1047 1216 1107 1278 τοῦ
1128 1219 1247 1302 θηρίου

4 1339 5 1348 ¹
77 1308 185 1373 ἐτίθει
208 1303 288 1374 αὐτὸ
310 1307 349 1374 ἐν
372 1305 510 1402 σκάφη..
526 1308 557 1374 εἰ
582 1307 620 1373 δὲ
641 1307 685 1394 μῆ
708 1314 805 1376 τοῦτο
829 1309 1021 1398 πεποιήκοι,
1047 1314 1175 1402 τροφίην
1191 1311 1248 1381 οδκ

77 1406 262 1492 ἐλάμβανεν
285 1405 304 1494 λη
327 1409 463 1494 ἐλέφας.
490 1416 545 1474 καὶ
567 1409 652 1492 μετὰ
675 1415 781 1476 ταῦτα
804 1408 850 1476 δι’
877 1411 951 1500 ὅλης
966 1419 1021 1501 τῆς
1037 1411 1248 1503 ημέραςτοδς

4 1515 5 1518 ’
77 1508 243 1594 καλάμους
258 1509 446 1594 λαμβάνων,
473 1517 529 1602 καλ
545 1514 613 1576 τῶν
628 1517 906 1599 παρατιθεμένων
921 1515 1172 1603 χορτασμάτων,
1190 1544 1246 1584 κα-

76 1609 257 1685 θεύδοντος
279 1617 338 1678 τοῦ
361 1617 520 1701 βρέφους,
546 1611 605 1686 τὰς
625 1617 722 1696 μυίας
739 1610 911 1700 δοτεσόβει·
936 1615 994 1684 ὅτε
1011 1619 1047 1684 δὲ
1063 1621 1182 1698 κλαίοι,
1207 1623 1248 1714 τῇ

77 1714 271 1803 προβοσκίδι
287 1714 347 1798 τὴν
364 1712 495 1800 σκάφην
511 1713 609 1780 ἐκίνει
625 1721 680 1780 καὶ
695 1721 913 1801 κατεκοίμιζεν
930 1715 1026 1786 αότό.
1052 1719 1092 1788 τδ
1113 1717 1147 1786 δ’
1166 1717 1246 1788 αδτδ

77 1818 186 1884 ἐποίει
202 1823 256 1880 καὶ
273 1811 291 1882 δ
309 1811 411 1904 άῤῥην
430 1816 550 1902 ἐλέφας
566 1814 731 1891 πολλάκις.

149 1916 274 1982 Eadem
293 1905 436 1983 οειεελῑο
453 1927 503 1984 est
519 1917 608 2004 apud
626 1917 797 1986 Aelianum
812 1921 860 1986 H.
873 1922 913 1986 A.
931 1921 996 2002 XI,
1019 1926 1077 2004 14,
1102 1945 1122 1990 a
1141 1925 1246 1992 verbis

77 2018 270 2086 exordiens:
298 2017 380 2085 Ὅτε
396 2023 475 2102 γοῦν
487 2015 671 2102 Ἀντίγονος
687 2019 871 2110 ἐπολιόρκει
886 2025 1080 2112 Μεγαρέας,
1106 2023 1157 2092 ἐνὶ
1179 2031 1247 2093 τῶν

76 2117 271 2206 ἐλεφάντων
287 2125 353 2187 τῶν
369 2123 556 2204 πολεμικῶν
573 2127 791 2211 συνετρέφετο
806 2131 862 2190 καὶ
879 2127 981 2212 θῆλυς
997 2121 1103 2210 όνομα
1121 2129 1247 2194 Νίκαια

77 2234 142 2289 etc.
166 2259 218 2270 -
241 2217 260 2287 ό
284 2221 322 2288 δέ
345 2233 418 2308 post
436 2218 510 2290 οότε
533 2221 667 2289 defendi
685 2223 816 2292 videtur
832 2227 992 2316 exemplis
1010 2251 1030 2296 ο
1047 2229 1165 2298 Μεῐιέι.
1183 2233 1245 2298 Gr.

78 2347 112 2411 p.
132 2331 219 2392 226.
244 2322 287 2390 de
305 2345 365 2390 usu
383 2324 563 2410 particulae
580 2325 619 2392 δέ
633 2335 706 2412 post
724 2321 800 2394 οότε
815 2326 932 2396 allatis.

556 2473 640 2534 mh.
666 2477 769 2534 m.

148 2573 265 2641 A'then.
284 2577 346 2658 vl,
371 2600 402 2664 p.
423 2579 510 2660 249,
528 2577 572 2644 D.
602 2576 774 2667 Φύλαρχος
790 2575 829 2644 δ’
853 2579 891 2646 ἐν
906 2585 947 2674 τῇ
963 2577 1075 2676 πρῶτη
1092 2589 1147 2648 καί
1164 2577 1245 2652 εἶκο-

78 2682 143 2770 στῇ
160 2681 227 2743 τῶν
243 2675 414 2766 ἱστοριῶν,
441 2676 627 2761 γελάσαντα
643 2681 704 2746 τδν
723 2682 895 2750 Φίλιππον
912 2681 969 2747 ἐπὶ
985 2681 1089 2771 τοότῳ
1109 2685 1247 2751 καλέσαι

76 2803 115 2845 τε
128 2779 185 2846 ἐπὶ
199 2779 334 2846 δεῖπνον
346 2781 406 2848 τδν
416 2777 619 2870 Ἀρκαδίωνα
631 2788 687 2846 καὶ
699 2779 784 2848 οὕτω
797 2783 856 2868 την
870 2781 996 2871 ἐχθραν
1009 2783 1245 2853 διαλύσασθαι.

149 2877 373 2967 Explicandae
388 2883 434 2948 rei
448 2881 628 2948 inserviunt
640 2905 724 2970 quae
739 2885 995 2970 praemittuntur
1010 2887 1051 2952 ab
1064 2887 1247 2954 Athenaeo:

77 2977 150 3046 ἄλλ’
168 2977 225 3047 οὐκ
236 2979 415 3072 Ἀρκαδίων
438 2980 456 3049 δ
476 2979 605 3066 Ἀχαιδς
621 2983 719 3064 κόλαξ
736 2979 794 3070 ἦν,
820 2993 898 3073 περὶ
915 2979 955 3052 οὗ
972 2983 990 3052 ὃ
1008 2983 1106 3060 αὐτὸς
1122 2988 1250 3075 ἱστορεῖ

82 3081 284 3168 Θεόπομπος
300 3093 355 3150 καὶ
371 3089 489 3172 Δοῦρις
505 3087 543 3152 ἐν
558 3089 692 3180 πέμπτη
709 3087 954 3153 Μακεδονικῶν.
974 3080 1067 3160 οὗτος
1084 3088 1120 3152 δέ
1131 3083 1246 3176 Ἀρκα-

78 3186 161 3250 δίων
176 3191 283 3268 μισῶν
305 3187 365 3254 τδν
384 3189 556 3254 Φίλιππον
577 3185 727 3254 ἐκοόσιον
749 3189 785 3254 ἐκ
801 3193 856 3274 τῆς
872 3187 1030 3276 πατρίδος
1047 3189 1152 3276 φυγὴν
1168 3189 1246 3276 ἐφυ-

77 3311 146 3370 γεν.
172 3282 212 3372 ἢν
229 3285 262 3352 δ’
281 3285 501 3375 εὐφυέστατος
516 3295 573 3353 ’καὶ
589 3291 721 3362 πλείους
738 3285 926 3375 άποφάσεις
950 3285 1051 3356 αὐτοῦ
1069 3288 1247 3376 μνημονεό-

78 3412 191 3454 ονται.
225 3388 317 3470 ἐτοχε
341 3375 374 3454 δ’
400 3385 460 3456 οὖν
483 3387 562 3457 ποτ’
589 3390 628 3456 ἐν
652 3392 794 3476 Δελφοῖς
816 3390 1049 3476 ἐπιδημοόντος
1076 3395 1246 3460 Φιλίππου

76 3497 236 3578 παρεῖναι
249 3499 303 3556 καὶ
316 3487 590 3578 τὸνἌρκαδίωνα,
605 3489 859 3576 ὃνθεασάμενος
875 3489 892 3558 ό
906 3491 1073 3559 Μακεδῶν
1082 3499 1138 3557 καὶ
1150 3517 1246 3582 προς-

75 3587 320 3675 καλεσάμενος,
347 3595 457 3682 Μέχρι
474 3599 561 3668 τίνος
579 3591 698 3688 φεόξη,
725 3602 845 3680 φησιν,
869 3591 1068 3681 Ἀρκαδίωνς
1093 3601 1148 3660 καὶ
1166 3594 1212 3674 ὅς,
1289 3631 1290 3634 ¹

175 3689 231 3768 ’Ἐς
248 3691 275 3759 τ’
294 3689 337 3760 ἐν
355 3697 466 3782 (φησι)
484 3695 560 3770 τοδς
577 3692 744 3783 άφίκωμαι
762 3701 799 3763 οἳ
812 3691 868 3762 οὐκ
885 3697 980 3761 ἴσασι
1000 3697 1189 3764 Φίλιππον.-

75 3795 132 3860 Cf.
151 3795 271 3861 Athen.
289 3797 336 3878 X,
362 3819 393 3884 p.
415 3800 501 3877 436,
524 3798 565 3863 Ο.
929 3803 934 3821 '

149 3897 315 3984 Harpocr.
334 3922 365 3964 v.
383 3897 554 3987 Πάραλος.
580 3903 741 3984 μέμνηται
758 3898 794 3964 δὲ
811 3901 870 3964 τοῶ
887 3895 1047 3987 Παράλου
1070 3895 1172 3988 ἥρωος
1194 3905 1249 3965 καὶ

81 3994 255 4086 Φύλαρχος
271 3999 309 4067 ἐν
324 4004 364 4094 τῇ
382 3995 512 4094 εἰκοστῇ
528 3999 653 4094 πρώτη.

545 4151 632 4209 m·
657 4151 782 4207 XXII·

147 4251 268 4318 Athen.
286 4253 370 4334 XII,
397 4275 429 4340 p.
451 4259 537 4333 536,
561 4255 606 4320 D.
636 4249 693 4319 Ἔν
716 4253 753 4318 δὲ
776 4257 815 4346 τῇ
842 4251 979 4339 δευτέρην
1002 4257 1057 4315 καὶ
1079 4251 1208 4344 εἰκοστῇ
1231 4248 1250 4317 ό

76 4347 180 4426 αὐτὸς
208 4353 417 4438 Πτολεμαῖόν
448 4373 531 4441 φησι
554 4354 615 4421 τδν
641 4351 794 4442 δεύτερον
818 4349 986 4436 Αίγόπτου
1009 4349 1252 4438 βασιλεύσαντα
1340 4437 1344 4442 ¹

77 4451 219 4522 πάντων
245 4453 450 4540 σεμνότατον
473 4453 650 4542 γενόμενον
679 4462 747 4526 τῶν
771 4457 943 4524 δυναστῶν
969 4461 1025 4520 και
1048 4454 1257 4530 παιδείας-εί

1029 4561 1050 4622 8
