2950 5060
66 613 153 678 κατά
169 607 268 736 τύχην
285 609 378 700 ἔντη
362 601 545 690 Μιλίμῳ,
566 604 604 670 ὲν
621 629 667 690 τῳ
652 604 790 687 λιμένι
806 603 935 691 πλῆθος
951 602 1147 689 δελφίνωνέ
1148 603 1236 690 φάνη

67 716 105 781 έν
129 719 168 807 τῇ
191 709 294 800 ημέρᾳ
318 710 443 801 ἐκείνη,
458 705 592 828 μικρὸν
608 701 767 792 ἀπωτέρω
785 710 852 770 τῶν
869 705 1162 789 συνεκκομιζόντων
1177 707 1237 771 τδν

68 818 256 902 Κοίρανον,
301 809 380 877 ὡσεὶ
410 795 680 895 συνεκφερόντων
713 814 768 872 aar
799 805 1059 893 συγκηδευόντων
1089 808 1149 873 τδν
1181 803 1235 873 άν-

67 923 310 1142 39OEillihioisios
330 1039 381 1080 res
399 1012 519 1080 tradita
537 1022 587 1076 est
604 1011 795 1078 abheliano
812 1014 860 1077 Η
871 1018 908 1076 Α.
921 1012 1021 1092 VIII,
1041 1018 1080 1078 3·
1115 1012 1237 1096 Κοίρα-

71 1146 127 1195 νος
145 1116 250 1202 όνομα
267 1143 304 1182 το
293 1119 414 1200 γένος
430 1117 466 1180 έκ
482 1111 597 1200 Πάρου
616 1113 822 1198 δελφίνων
795 1119 895 1179 τινῶν
911 1114 948 1179 ἐν
964 1115 1034 1190 Βυζ
1019 1117 1135 1199 ζαντίιμ
1151 1111 1237 1198 βόλφ

70 1218 321 1309 περιπεσόντων
344 1225 402 1282 καῖ
421 1213 631 1292 εαλωκότων,
658 1211 777 1288 δοῦς’
756 1213 909 1303 αργόριον
932 1213 1031 1281 οἶονει
1049 1211 1150 1302 λότρα
1171 1223 1238 1290 τοῖς

71 1321 272 1410 ἦγρευκόσιν,
295 1317 420 1406 άφῖμιεν
436 1315 553 1390 αότοδς
570 1317 773 1406 ἐλευθέρους,
798 1313 875 1385 ἄνθ’
894 1311 940 1383 ὧν
957 1318 1016 1404 τὴν
1031 1315 1128 1404 χάριν
1145 1314 1238 1382 άπεί-

71 1429 193 1511 ληφεν.
212 1420 326 1489 Ἔπλει
349 1426 427 1504 γοῦν
450 1417 710 1506 πεντηκόντορον
733 1419 833 1500 ἔχων,
861 1417 901 1493 ὡς
917 1418 1027 1502 λόγος,
1057 1421 1246 1504 Μιλησίους
1285 1427 1292 1434 “

72 1528 165 1600 τινάς
182 1522 329 1608 όγονσαν
347 1521 485 1612 άνδρας,
512 1522 550 1586 έν
567 1521 603 1586 δὲ
619 1526 666 1608 τῷ
682 1522 803 1604 μεταξὺ
820 1527 875 1610 τῆς
892 1520 1007 1610 Πάρου
1025 1526 1168 1608 πορθμῷ
1184 1525 1240 1608 τῆς

74 1630 154 1702 νεδις
171 1625 412 1714 ἀνατραπείσης
428 1632 483 1690 καὶ
500 1628 567 1690 τῶν
584 1619 692 1689 άλλων
709 1625 977 1712 διαφθαρέντων,
995 1623 1054 1690 τδν
1071 1625 1240 1710 Κοίρανον

74 1733 209 1796 ἔσωσαν
225 1729 390 1815 δελφῖνες,
417 1723 502 1814 ὑπὲρ
520 1720 555 1811 ἧς
572 1723 767 1811 φθάσαντες
784 1727 873 1807 εἶχον
890 1722 1073 1813 εὐεργεσίας
1089 1726 1148 1811 την
1165 1729 1240 1812 ίσην

73 1831 307 1906 ἀντιδιδόντες·
333 1838 387 1895 καὶ
412 1829 498 1895 ἔνθα
520 1825 709 1917 ἐξενήξαντο
730 1825 881 1908 ὀχοῦντες
898 1824 1000 1895 αότδν
1016 1825 1100 1916 άκρα
1117 1828 1239 1894 δείκνυ-

73 1962 130 2000 ται
147 1943 201 2000 aar
217 1933 381 2021 όπαντρος
397 1935 517 2018 πέτρα,
541 1938 596 1995 καῖ
613 1931 758 1996 καλεῖται
775 1928 793 1998 ὃ
810 1937 913 2019 χῶρος
930 1929 1138 2017 Κοιράνειος.
1164 1929 1238 2018 χρό-

74 2063 121 2124 νῳ
140 2038 175 2102 δὲ
191 2035 331 2124 ὕστερον
346 2039 515 2100 τεθνεῶτα
539 2030 634 2099 τόνδε
655 2033 715 2099 τδν
732 2033 900 2121 Κοίρανον
916 2031 1082 2119 θαλάττης
1099 2033 1244 2118 πλησίον

76 2141 204 2205 ἔκαιον
223 2139 294 2204 εἶτα
311 2142 422 2220 μέντοι
440 2133 639 2218 αἰσθόμενοί
653 2140 764 2202 ποθεν
781 2135 815 2202 οἱ
830 2137 978 2222 δελφῖνες
994 2131 1239 2225 ἠθροίσθησαν,

76 2242 189 2327 ὥσπερ
213 2235 274 2306 oria
298 2239 355 2304 ἐπὶ
378 2239 415 2304 τδ
439 2239 532 2323 κῖγδος
555 2235 702 2324 ἥκοντες,
728 2245 783 2303 καῖ
800 2239 845 2312 εἰς
862 2237 943 2304 ὅσον
960 2236 978 2323 ἡ
995 2239 1086 2325 πυρά
1101 2231 1241 2326 ἤκμαζεν

73 2348 248 2428 καιομένη,
274 2345 478 2429 παρέμειναν
495 2336 536 2414 ὥς
553 2342 637 2426 φίλην
656 2342 750 2426 φίλος
766 2339 898 2415 πιστός·
925 2343 996 2408 εἶτα
1012 2345 1126 2423 μέντοι
1141 2367 1239 2406 κατα-

75 2450 290 2531 σβεσθείσης,
318 2441 352 2509 οἵ
366 2443 402 2509 δὲ
420 2438 634 2529 άπενηξαντο.
678 2443 803 2509 Similia
822 2443 872 2511 his
896 2453 930 2510 et
948 2443 1060 2508 iisdem
1080 2443 1148 2509 sere
1167 2467 1241 2510 ver-

73 2551 143 2627 bis,
171 2558 207 2612 ut
223 2546 395 2626 Aelianus,
421 2557 533 2610 narrat
558 2543 757 2610 Plutarchus
780 2545 823 2611 de
846 2544 957 2611 solert.
977 2568 1029 2610 an.
1048 2569 1079 2633 p.
1095 2551 1182 2621 985,
1200 2548 1240 2626 A,

72 2649 200 2716 addens
223 2648 337 2729 simul,
377 2647 517 2713 sabulum
540 2643 607 2732 jam
632 2647 862 2713 Archilochum
886 2647 1043 2733 attigisse.
1085 2648 1240 2734 ¹Mythica

74 2753 174 2817 luisse
195 2749 321 2816 videtur
339 2751 386 2816 rei
405 2750 508 2830 ratio,
541 2772 601 2814 neo
619 2759 726 2813 tamen
747 2771 879 2834 prorsus
897 2749 993 2826 ficta,
1020 2771 1119 2836 quum
1138 2749 1241 2829 locus,

72 2854 115 2918 ad
135 2875 232 2940 quem
251 2852 382 2918 delatus¹
396 2851 508 2916 fuisset
525 2852 710 2930 Coeranus,
736 2861 845 2936 postea
865 2873 995 2938 quoque
1012 2853 1053 2916 ab
1071 2875 1110 2916 eo
1127 2851 1239 2938 appel·

74 2957 160 3020 latus
178 2955 288 3020 luerit.
331 2954 495 3019 Cohaeret
513 2953 660 3033 tortasse,
687 2963 724 3018 ut
742 2952 793 3017 illa
814 2952 856 3018 de
873 2955 996 3043 Arione*
1011 2954 1116 3019 lahula
1135 2953 1241 3040 (Mill-

75 3057 126 3124 ler
142 3057 224 3122 Dor.
239 3057 334 3122 Turn.
348 3057 398 3134 Π,
417 3079 447 3143 p.
463 3062 536 3124 369
558 3054 663 3143 not),
688 3077 762 3120 cum
781 3056 881 3120 sacris
894 3057 1054 3141 Neptuni,
1072 3079 1240 3142 perquem

74 3161 260 3225 Coeranum
278 3157 491 3226 Archilochus
507 3157 637 3224 dixerat
654 3158 927 3244 equinqueginta
942 3158 1123 3222 hominibus
1134 3157 1240 3224 solum

73 3273 238 3328 servatum
259 3285 338 3327 esse.
384 3259 454 3325 Alia
480 3258 522 3324 de
546 3259 793 3344 delphinorum,
820 3259 874 3345 qui
893 3259 1015 3344 pariter
1032 3271 1131 3346 atque
1149 3281 1240 3346 pom-
1260 3258 1271 3376 η

72 3363 131 3450 pili
151 3364 235 3428 inter
253 3387 361 3428 sacros
379 3361 482 3447 pisces
500 3360 725 3428 referebantur
759 3357 897 3449 (Athen.
915 3362 994 3440 VII,
1021 3385 1051 3448 p.
1073 3371 1158 3441 282,
1177 3361 1239 3450 Ε),

71 3487 149 3530 cum
177 3465 358 3530 hominibus
382 3462 602 3529 familiaritate
628 3461 682 3528 vid
713 3485 766 3549 ap.
793 3463 1007 3528 Plutarchum
1036 3463 1077 3529 de
1101 3461 1159 3528 sol.
1186 3487 1239 3530 an.

10 3567 12 3584 '
73 3590 108 3654 p.
129 3570 214 3634 984.
240 3567 282 3632 cl.
301 3567 439 3632 Casaub.
457 3563 498 3630 ad
516 3565 634 3630 Athen.
661 3589 693 3652 p.
713 3571 800 3645 283,
820 3565 860 3630 C.

145 3668 271 3734 helian.
287 3669 359 3734 hist.
374 3669 472 3733 anim.
486 3668 603 3744 XVII,
619 3672 652 3736 5.
682 3666 851 3755 Φύλαρχος
868 3667 906 3732 έν
922 3671 961 3759 τῇ
978 3665 1139 3762 δωδεκάτη
1155 3663 1238 3755 ὑπὲρ

72 3775 144 3836 τῶν
167 3772 355 3852 Αἰγυπτίων
379 3766 530 3836 άσπίδων
552 3763 624 3855 ᾄδει
646 3774 798 3836 τοιαῦτα.
825 3773 993 3852 τιμᾶσθαί
1012 3789 1115 3854 φησιν
1139 3767 1240 3846 αὐτὰς

72 3874 214 3960 ἰσχυρῶς
222 3921 235 3950 ,
260 3880 315 3937 καὶ
339 3873 375 3938 ἐκ
397 3869 515 3957 ταύτης
538 3896 574 3954 γε
590 3875 645 3959 τῆς
661 3876 751 3960 τιμῆς
766 3867 974 3960 ἧμερωτάτας
990 3895 1026 3936 τε
1044 3880 1099 3936 καὶ
1115 3871 1239 3960 χειροή-

72 3979 149 4048 θεις
171 3979 325 4054 γίνεσθαι
347 3975 406 4048 τάς
430 3975 466 4040 ἐκ
489 3979 544 4060 τῖης
566 3977 688 4061 τροφῆς
709 3974 980 4056 πεπωλευμένας·
1006 3984 1074 4050 τοῖς
1095 3976 1239 4050 παιδίοις

10 4119 12 4130 .
73 4071 136 4143 οὖν
158 4081 423 4164 συντρεφομένας
446 4077 548 4162 μηδὲν
571 4072 712 4156 άδικεῖν,
738 4084 792 4141 καὶ
816 4076 1016 4160 καλουμένας
1039 4077 1074 4144 δὲ
1091 4078 1239 4165 ἐξέρπειν

73 4183 145 4244 τῶν
161 4180 300 4262 φωλεῶν
315 4188 370 4244 καὶ
387 4175 615 4265 ἀφικνεῖσθαι·
642 4179 750 4266 κλάσις
767 4179 803 4244 δὲ
821 4174 930 4244 αὐτῶν
954 4175 971 4243 6
989 4183 1056 4246 τοῖν
1072 4178 1239 4245 δακτόλων

10 4287 11 4290 ’
72 4281 148 4346 ἐστὶ
164 4278 294 4369 κρότος.
322 4285 539 4369 Προτείνοοσι
556 4281 592 4346 δὲ
609 4275 675 4366 άρα
698 4279 733 4346 or‘
746 4279 919 4364 Αἶγόπτιοι
936 4289 990 4344 καῖ
1006 4286 1097 4360 ξένια
1114 4277 1236 4355 αὐταῖς.

65 4379 178 4448 Ἔπδιν
202 4383 262 4471 γδρ
287 4381 354 4450 άπδ
377 4385 511 4450 δεῖπνον
528 4387 705 4466 γένωνται,
732 4380 855 4470 ἄλφιτα
872 4385 949 4468 οἴνφ
966 4391 1021 4447 καῖ
1036 4385 1141 4467 μέλιτι
1157 4380 1237 4449 άνα-

70 4482 250 4560 δεάσαντες
269 4487 352 4552 κατὰ
373 4491 428 4574 τῆς
443 4489 602 4575 τραπέζης
618 4491 791 4566 τιθέασιν,
817 4481 869 4571 ἐφ’
887 4479 922 4570 ἧς
939 4485 1053 4566 ἔτυχον
1071 4487 1238 4572 δεδειπνη-
