2950 5060
287 563 357 628 Pro
381 561 568 652 Phylarcho
595 561 709 648 possim
734 559 928 626 Philarchus
951 560 1075 648 legitur
1099 585 1128 628 v.
1146 585 1175 628 c.
1195 564 1282 651 apud
1301 565 1391 631 Plu-

219 665 367 738 tarchum
381 665 535 735 'l'omIL
550 688 581 752 p.
591 665 678 732 345.
693 663 748 742 lu,
761 661 848 750 apud
857 662 978 728 Euseb.
988 662 1108 750 Praep.
1122 665 1253 753 Erang.
1268 691 1298 754 p.
1313 673 1388 736 156

217 776 251 832 et
274 768 344 833 164
362 762 472 854 (recte
489 765 675 852 reprehens.
692 765 733 828 ab
751 765 888 850 interpr.
906 763 1071 852 Porphyr.
1090 763 1131 831 de
1148 767 1229 832 abst.
1256 791 1285 833 c.
1302 768 1388 858 56.)

217 877 252 932 et
270 869 301 932 in
321 868 478 933 varietate
497 859 648 932 lectionis
661 886 714 952 ap.
730 865 937 934 Athenaeum
964 861 1013 954 (r.
1031 865 1322 954 Schweighaeuser
1339 869 1387 935 ad

217 970 279 1048 Vl,
303 991 333 1055 p.
355 973 441 1047 255,
459 968 499 1034 F.
518 967 560 1033 ad
580 968 678 1032 XIII.
704 987 735 1051 p.
757 973 843 1046 606,
860 964 943 1054 lh),
975 967 1052 1032 satis
1077 967 1247 1034 manifesto
1271 980 1384 1036 autem

216 1069 305 1133 vitio.
347 1070 455 1134 Minus
473 1069 609 1134 sortasse
626 1067 696 1133 tolli
720 1066 820 1154 possit
843 1088 928 1152 quae
945 1066 987 1131 de
1005 1069 1109 1153 patria
1126 1069 1304 1156 Phylarchi
1321 1071 1386 1136 du-
1439 1061 1446 1072 ⁵

217 1170 330 1234 bitatio
348 1180 407 1236 est.
459 1169 513 1235 De
537 1166 916 1257 qua'praetarvsuidpm
933 1168 1091 1237 athenaei
1110 1182 1218 1236 exstat
1235 1173 1385 1238 testimo·
1466 1161 1467 1244 s

216 1271 304 1334 nium
329 1269 396 1357 (ΙΙ.
415 1277 522 1357 p.58‚
540 1268 600 1357 C.)
626 1291 728 1356 equo
751 1268 980 1355 ambigebatur
1003 1280 1152 1350 tantum,
1183 1293 1261 1338 uum
1280 1273 1386 1340 Athe·
1466 1335 1467 1374 p

216 1367 334 1436 niedsis
351 1382 436 1437 esset
452 1393 492 1436 an
513 1371 709 1437 Naucratim
725 1367 918 1458 (Φύλαρχος
934 1367 1141 1457 bithanatos
1157 1369 1178 1458 ἣ
1195 1375 1384 1462 Ναοκραιί-
1466 1413 1467 1460 1

213 1471 297 1562 της).
345 1473 375 1538 A
400 1472 502 1538 Suida
527 1471 615 1558 quod
641 1471 824 1558 Aegyptius
848 1471 943 1536 simul
970 1483 1004 1538 et
1028 1474 1223 1540 Naucratita
1248 1475 1382 1558 dicitur,

213 1574 328 1639 eodem
356 1574 451 1640 redit.
502 1573 675 1660 Sicyonius
698 1583 810 1638 autem
835 1593 898 1638 non
923 1573 993 1640 sine
1018 1597 1127 1641 caussa
1154 1574 1216 1641 dici
1237 1579 1381 1665 potuisse
1466 1575 1467 1596 ¹

215 1675 352 1759 videtur.
406 1674 505 1742 Unde
528 1674 571 1760 ad
594 1697 668 1754 eos,
702 1674 860 1762 augurari
878 1673 1015 1743 tortasse
1033 1675 1129 1758 licet,
1155 1676 1379 1765 Phylarchnm

213 1775 420 1843 referendum
439 1799 525 1855 esse,
550 1799 632 1864 quos
648 1776 830 1842 consociata
844 1775 986 1864 Sicynne
1001 1799 1074 1846 cum
1091 1776 1381 1852 Achaeorumlee·

211 1877 291 1944 dere
321 1879 453 1946 cessisse
485 1879 565 1944 urbe
593 1901 652 1944 sua
674 1876 832 1944 credibile
854 1878 957 1962 estll,
994 1879 1061 1944 sire
1086 1878 1175 1966 quod
1201 1880 1381 1950 Dorienses

212 1979 335 2046 nollent
351 1979 465 2046 iisdem
483 2001 558 2046 cum
576 1979 717 2048 Achaeis
732 1977 861 2066 legibus
878 1979 925 2046 uti
935 2025 945 2060 ‚
968 1979 1036 2046 sire
1050 1979 1322 2071 aliaquacunque
1335 1984 1379 2052 de

209 2102 350 2160 caussa3¹
370 2079 457 2146 unde
482 2079 545 2146 dici
571 2081 670 2167 possit
693 2079 859 2167 refugium
881 2081 1077 2168 quaesivisse
1095 2083 1252 2164 Athenis,
1275 2096 1309 2152 et
1327 2085 1378 2152 his

209 2204 340 2270 quoque
362 2180 524 2269 adjunctis
546 2181 692 2248 societati
716 2181 1126 2262 Achaeorum‚·Naucrati
1151 2185 1183 2250 in
1209 2188 1374 2273 Aegypto.

207 2285 385 2370 Aequalem
404 2306 479 2352 eum
498 2283 596 2350 fuisse
614 2285 723 2364 rebus,
747 2306 828 2370 quas
845 2283 877 2350 in
893 2283 983 2351 libris
994 2283 1204 2353 historiarum
1218 2289 1377 2370 narravit,

207 2408 226 2450 e
244 2385 385 2472 Polybio
402 2396 541 2472 apparet
563 2383 641 2470 (ΙΙ,
658 2391 726 2464 66.
751 2384 824 2451 ἐπεὶ
841 2385 877 2451 dt
894 2390 962 2452 τῶν
978 2386 1062 2450 κατὰ
1079 2387 1154 2462 σούς
1171 2383 1290 2464 αὐτοῦς
1306 2413 1376 2457 και·
1412 2427 1415 2434 ·

206 2485 281 2572 pole
297 2483 423 2574 Ἀροὶιῳ
440 2484 651 2574 γεγραφότων
670 2481 749 2574 ποῶ
773 2485 871 2560 ἐνίοις
895 2482 1060 2574 ἀποδοχῆς
1076 2485 1225 2569 ἀξιοῦται
1244 2488 1375 2578 dicidap·

203 2611 278 2667 χος,
305 2589 343 2656 ἐν
358 2589 493 2664 πολλοῖς
510 2583 688 2667 &niuosae
704 2594 758 2652 καὶ
774 2583 935 2659 τάναντία
951 2587 1088 2677 γράφον
1105 2583 1241 2680 αὐσῷ),Ι
1256 2591 1372 2661 eodem

137 2725 145 2736 ·
203 2699 303 2776 atqua
328 2689 508 2758 Plutarcho
539 2700 622 2758 teste
645 2711 750 2776 aeque
773 2691 967 2758 obtrectavit
984 2693 1112 2771 Arato,
1147 2716 1244 2780 qnam
1269 2697 1373 2763 effuse

204 2789 583 2878 laudaritCleomenesp
607 2791 1107 2880 Lacedaemoniorumregem',
1138 2795 1232 2860 Arati
1256 2794 1374 2865 adrer-

203 2913 337 2960 sarrum.
838 2956 842 2964 ,
1041 2953 1044 2958 .

269 2995 438 3080 Operum,
471 2994 613 3081 quaein
640 2995 744 3063 lucem
769 2994 879 3063 emisit
901 2994 1128 3082 Phylarchus,
1158 2995 1371 3076 clarissimum

201 3093 289 3158 haud
313 3094 410 3160 dubie
437 3095 470 3159 id
496 3095 575 3175 tuit,
607 3096 695 3182 quod
720 3097 913 3161 memoravit
930 3097 1048 3162 Suidas
1067 3097 1157 3164 libris
1174 3111 1249 3166 occo
1272 3111 1307 3166 et
1324 3102 1371 3164 ri-
1408 3097 1413 3108 ’

199 3194 285 3280 giuti
303 3197 344 3260 ab
360 3217 401 3262 eo
418 3199 631 3283 compositum
650 3219 738 3278 esse3
763 3197 795 3262 in
815 3219 881 3284 quo
897 3197 985 3284 quod
997 3210 1187 3285 susceptam·
1201 3192 1382 3287 aP-yrrho

200 3295 233 3360 in
257 3296 520 3383 Peloponnesum
550 3297 791 3384 expeditionem
824 3300 1006 3369 narravisse
1031 3300 1238 3386 eumque’ad
1256 3301 1369 3368 Ptole»

198 3399 283 3480 mnei
302 3419 404 3485 usque
421 3399 598 3486 Euergetis
615 3419 653 3464 ac
671 3401 850 3482 Berenices
864 3411 963 3490 atque
978 3392 1177 3482 Cleomenis
1202 3403 1369 3471 Lacedae*

197 3501 380 3566 moniorum
400 3499 501 3587 regis,
527 3501 583 3588 qni
602 3499 687 3566 bello
704 3503 745 3567 ab
763 3502 929 3588 Antigone
948 3504 1069 3588 petitus
1086 3503 1203 3584 luerit,
1231 3515 1368 3582 mortem
1466 3583 1467 3588 γ

196 3597 369 3666 deduxisse
394 3600 522 3680 lectur,¹
542 3613 576 3668 et
598 3601 769 3668 exordium
788 3599 859 3689 ejus
876 3615 910 3670 et
932 3605 1006 3668 finis
1026 3605 1207 3692 significari
1227 3605 1368 3686 ridetur.

195 3702 317 3768 Suidae
341 3713 450 3770 tamen
475 3705 602 3784 verbis,
633 3725 674 3769 ne
699 3703 776 3792 ipsis
800 3704 930 3792 quidem
946 3704 1135 3773 admodum
1159 3709 1368 3788 amuratuu,

260 3939 290 4006 1)
311 3933 436 4010 Expulso
452 3935 566 3994 Nicocle
580 3947 696 4014 tyranno
717 3949 743 3998 el
759 3938 878 3998 reductis
892 3957 942 4015 per
955 3935 1074 3997 Aratum
1090 3938 1246 4012 exsulibus,
1265 3957 1366 4020 magna

121 4043 125 4050 ·
192 4018 262 4076 inter
276 4017 423 4094 Sicyonios
437 4019 609 4094 perlurhatio
624 4034 689 4081 erata
721 4020 864 4084 Plutarch.
884 4021 963 4082 Arat.
983 4043 1009 4082 c.
1024 4031 1053 4084 9.
1078 4026 1295 4096 Τασαηομένην
1315 4025 1367 4095 ὑφ’
1466 4057 1467 4060 “

191 4097 281 4172 αὐτῆς
294 4102 342 4158 καὶ
356 4101 559 4178 στασιάζουσαι
572 4103 711 4166 civitatem
726 4105 828 4166 Aratus
843 4103 976 4166 habebat.
1006 4107 1065 4166 Nec
1077 4108 1186 4186 placuit
1200 4106 1259 4169 hoc
1270 4110 1366 4168 omni-

189 4183 260 4254 bns,
284 4183 364 4266 qnod
384 4197 496 4244 auctore
515 4209 548 4246 eo
568 4195 689 4260 Δωριεῖς
708 4185 787 4253 ὄντες
807 4187 951 4249 ὑπέδυσαν
971 4190 1105 4255 ἑκουσίως
1118 4185 1208 4264 ὄνομα
1230 4193 1277 4250 nol
1291 4199 1365 4252 croln-

189 4274 268 4326 τείαν
288 4269 340 4338 τὴν
358 4269 474 4338 Ἀχαιῶν.
505 4269 543 4329 cl.
559 4291 585 4328 e.
602 4279 651 4332 12.
667 4272 729 4331 init.
1466 4347 1467 4352 η

255 4355 287 4421 2)
308 4353 381 4412 vide
395 4373 468 4434 qnae
483 4356 554 4414 miro
570 4355 656 4414 modo
671 4355 822 4435 disputarit
837 4358 917 4418 Seria
935 4360 1019 4418 Mem.
1041 4357 1077 4418 de
1094 4360 1194 4420 l’acad.
1217 4361 1265 4420 des
1280 4360 1364 4419 inser.

189 4435 271 4492 Tom.
288 4437 373 4494 lllll.
397 4457 426 4512 p.
442 4445 510 4498 119.
1466 4455 1467 4470 ¹
