2950 5060
801 383 865 454 u
1444 447 1461 518 y

249 615 353 682 menis
376 633 473 702 quam
502 615 692 684 Aetolorum
719 617 936 704 prinoipstum
961 622 1030 685 stre
1055 617 1264 705 tyrannidem
1283 622 1422 688 drotum

248 716 407 784 advocato
424 717 457 782 in
475 716 634 788 auxilium
648 717 815 805 Antigono
831 717 1165 806 depellerevoluisse.
1201 721 1287 787 'llam
1304 721 1424 788 invisos

248 819 335 886 enim
359 817 490 884 Aetolos
511 820 648 888 avaritia
672 841 810 898 eorum,
832 819 1012 886 erudelitas
1034 831 1069 886 et
1092 819 1213 888 lerooia
1242 823 1424 892 reddidisse

250 920 462 998 ridebantur,
495 922 695 1000 aldanias,
721 945 762 988 ne
789 921 912 1008 praeda
944 943 1058 988 eorum
1090 922 1256 990 latronum
1280 928 1424 992 Graecia
1460 985 1461 1010 y

250 1023 363 1102 fieret,
386 1044 523 1102 cavens,
547 1023 723 1090 inevitabili
742 1033 876 1090 tastum·
889 1024 1073 1090 amessitati
1087 1027 1222 1091 eessisse
1241 1025 1422 1093 videretur.

250 1125 302 1191 De
320 1132 387 1190 tota
406 1131 528 1204 autern,
546 1147 631 1213 quae
649 1123 692 1192 de
708 1147 748 1192 eo
767 1125 959 1204 instituitur,
977 1126 1183 1194 etziutrioata
1200 1127 1421 1215 disputatione

250 1225 310 1291 hoc
335 1234 462 1294 tautum
496 1237 701 1306 resument,
737 1225 824 1313 quod
850 1227 964 1293 Aetoli·
984 1226 1061 1294 indo
1086 1250 1108 1293 a·
1131 1227 1293 1295 Demetrii
1319 1233 1420 1318 regis,

249 1349 346 1412 quem
372 1348 578 1394 communem
603 1350 677 1394 oum
703 1329 842 1396 Aobneis
862 1329 987 1395 bostem
1014 1329 1194 1406 habebant,
1219 1341 1327 1398 morte
1352 1333 1418 1398 lan·
1461 1367 1462 1380 κ

248 1447 410 1515 gueseere
425 1440 605 1516 coeperunt
623 1430 656 1496 iu
673 1431 835 1506 amioitia,
858 1451 945 1517 quae
965 1427 1082 1517 juncta
1104 1432 1145 1496 ab
1169 1431 1208 1498 iis
1230 1441 1327 1499 antea
1344 1457 1419 1500 oum

249 1529 388 1596 Achaeis
406 1529 525 1612 lueret,
550 1553 657 1618 neque
670 1531 857 1598 Cleomenis
875 1543 1049 1620 propterea
1065 1531 1209 1598 oonsiliis
1224 1535 1420 1601 effecerunt.

252 1631 370 1719 Neque
388 1632 474 1712 euim
492 1656 551 1702 eae
568 1633 756 1700 Cleomenis
774 1635 916 1700 rationes
932 1633 1084 1712 luerunt,
1108 1644 1146 1698 nt
1161 1632 1420 1703 admonitoribus

250 1733 318 1798 sive
343 1735 587 1821 instigatorr'uus
610 1745 730 1823 egeret
753 1736 887 1814 alienis,
913 1757 1020 1823 oeque
1037 1746 1166 1801 tautum
1186 1736 1271 1802 illud
1288 1739 1418 1804 Aetolo·
1461 1761 1462 1782 ¹

252 1858 322 1900 rum
344 1836 374 1900 io
394 1835 687 1913 Achaeos-,odium
714 1849 750 1904 ut
774 1837 816 1904 ad
842 1838 986 1924 periente
1009 1837 1107 1925 plane
1126 1839 1350 1919 caecutirent,
1387 1842 1417 1905 in

250 1959 335 2024 quae
354 1937 412 2024 ipsi
430 1950 526 2004 auota
544 1941 639 2008 nimis
657 1939 799 2006 interitu
823 1939 955 2004 illorum
980 1940 1035 2005 sel·
1050 1939 1265 2005 Maoedonnm
1284 1941 1334 2006 rel
1354 1943 1418 2007 La·

188 2099 191 2105 .
250 2039 533 2112 eedaemoniorum
566 2042 713 2126 potentie
743 2043 961 2108 incurrerent.
1021 2041 1108 2115 Quid
1141 2041 1230 2128 quod
1259 2043 1417 2108 auxilium

251 2141 333 2206 adeo
356 2143 397 2208 ab
422 2141 460 2208 iis
488 2141 522 2208 in
546 2143 756 2210 Cleomenem
782 2144 933 2230 petivisse
953 2142 1130 2222 dieantur,
1164 2143 1273 2230 quod,
1303 2167 1419 2232 quam-

251 2265 348 2330 quam
369 2253 551 2314 recusatum
570 2255 640 2325 est,-
666 2246 733 2332 peti
751 2247 923 2313 tamenab
937 2246 1060 2332 apertis
1080 2243 1225 2310 hostibus
1244 2269 1306 2311 non
1327 2257 1418 2334 pote-

252 2357 303 2412 rat
328 2343 519 2434 (Plutarch.
541 2349 597 2414 tr.
618 2345 702 2436 41).
725 2350 846 2416 Aratus
863 2361 988 2429 eutem,
1015 2347 1142 2414 tametsi
1162 2347 1241 2412 nibil
1261 2369 1326 2414 uon
1344 2371 1418 2436 pro·

251 2447 364 2514 tulisse
386 2447 512 2527 fertur,
546 2448 888 2534 quo··loederis.illius
911 2449 1114 2518 Macedonici
1135 2447 1280 2515 aeduam
1293 2451 1417 2516 amoli-

253 2559 362 2627 retur,
387 2565 428 2616 ne
447 2550 580 2618 verbum
599 2539 731 2637 quidem
750 2549 793 2617 de
810 2575 849 2618 ea
866 2575 906 2618 re
921 2553 952 2618 in
970 2551 1211 2618 sommeotariis
1224 2553 1291 2617 suis
1306 2552 1417 2619 leeisse
1462 2573 1463 2656 y

253 2650 404 2720 videtur?
431 2647 624 2741 (Plutarch.
646 2649 794 2742 unus)
843 2685 845 2690 ·

322 2753 484 2822 Moneuda
513 2754 595 2820 haee
623 2777 696 2824 esse
719 2753 930 2836 videbuntur,
963 2765 1000 2821 ut
1030 2777 1127 2843 quam
1149 2755 1286 2822 ineerta
1304 2755 1417 2842 ‘ipsius

252 2854 384 2942 Polybii
409 2866 493 2922 esset
517 2857 549 2922 io
575 2855 623 2922 bis
648 2857 849 2924 rebusafides
869 2869 1057 2945 appareret.
1101 2857 1178 2924 Non
1196 2858 1298 2923 marn
1315 2858 1418 2945 igitur

251 2958 372 3044 egebat
398 2957 543 3026 veritatis
560 2979 723 3037 anassem,
750 2981 856 3046 oeque
873 2959 958 3024 salsa
976 2983 1034 3038 ea,
1059 2980 1157 3046 quam
1182 2961 1322 3048 agebat,
1348 2981 1418 3025 esse

252 3069 402 3146 poterat,
432 3059 493 3129 nisi
516 3058 778 3126 adversariorum
798 3061 1026 3128 ¹siosulrvooes
1048 3061 1272 3128 eluderentur.
1321 3061 1418 3149 Phy-

253 3161 398 3228 larebum
418 3184 517 3239 vero,
548 3183 744 3250 quemquam
761 3185 905 3250 magnae
920 3185 941 3228 a
959 3163 1103 3250 Polybio
1118 3163 1324 3252 ignorantiae
1341 3164 1418 3228 insi·

253 3263 415 3343 molatur,
442 3264 616 3330 multarum
641 3275 751 3332 tamen
778 3283 888 3332 renam
913 3266 990 3332 satis
1014 3285 1156 3352 gnarum
1179 3265 1295 3342 luisse,
1320 3285 1361 3330 ex
1381 3265 1419 3329 iis

252 3365 410 3452 colligere
435 3365 530 3444 lieet,
553 3389 640 3452 quae
664 3365 706 3434 de
731 3367 915 3454 legatorum
934 3368 1285 3454 Megalopolitanorum
1305 3366 1418 3431 illaad

199 3509 204 3518 ·
253 3469 456 3554 Antigonum
483 3468 634 3534 missione
656 3469 848 3555 prodiderat
876 3469 1072 3556 (Plutarch.
1098 3468 1118 3534 l.
1147 3470 1209 3556 1.),
1250 3467 1335 3534 baud
1364 3469 1417 3533 illa

254 3569 384 3658 quidem
411 3571 444 3636 io
472 3570 591 3658 vulgus
615 3580 708 3650 nota,
734 3581 767 3636 et
784 3571 954 3660 quaeipse
972 3582 1145 3660 propterea
1164 3571 1298 3637 tortasse
1318 3571 1419 3657 Poly-

254 3673 344 3753 bius,
370 3673 425 3759 qui
453 3671 532 3744 nibil
556 3670 598 3738 de
616 3673 655 3739 iis
673 3683 842 3739 narratum
859 3673 889 3740 in
910 3674 1003 3740 Arati
1019 3673 1418 3742 nommeotariisinvenis

254 3785 320 3854 set,
345 3774 477 3846 silentio
491 3797 554 3844 non
573 3775 822 3842 transmittenda
839 3799 909 3842 esse
927 3776 1053 3864 putavit
1078 3773 1217 3864 (Polyb.
1234 3775 1381 3862 itta).

321 3875 390 3942 Sed
417 3902 435 3943 e
459 3877 596 3964 singulis
621 3893 770 3966 quoque,
788 3927 791 3935 .
808 3878 926 3964 quibus
955 3875 1309 3964 suspectaPlutssebi
1339 3876 1421 3942 fides

256 3977 382 4044 reddita
401 3991 463 4056 est,
488 3981 656 4066 apparebit
674 3979 823 4054 sortasse,
850 3979 1026 4067 Polybium
1046 4001 1109 4044 aon
1130 4001 1265 4066 prorsas
1279 3999 1419 4065 aequum

254 4104 289 4146 se
319 4078 390 4168 ejus
416 4078 559 4168 judicem
586 4083 784 4168 praebuisse.
828 4086 876 4148 An
898 4080 941 4147 de
967 4091 1062 4168 rapta
1092 4081 1224 4169 quidem
1254 4081 1419 4144 Mantinea

254 4205 338 4270 quae
355 4182 491 4252 tradidit
508 4182 735 4272 Pbylnrnhm,
760 4184 821 4250 boo
839 4183 1039 4270 potissimum
1062 4184 1195 4249 nomine
1211 4180 1299 4271 apud
1317 4181 1421 4269 Poly-

254 4285 341 4352 bium
362 4285 447 4354 male
463 4285 614 4366 audiunt,
631 4284 719 4374 quod
737 4285 940 4354 erudelitatis
958 4285 1033 4352 indo
1051 4287 1083 4352 in
1099 4285 1246 4353 Achaeos
1262 4307 1301 4350 ao
1318 4284 1422 4350 soeios

254 4410 367 4454 eorum
399 4387 597 4456 Macedones
626 4388 810 4456 criminatio
841 4384 987 4475 oonjsota
1019 4387 1129 4460 luerit.
1183 4385 1421 4457 Demonstrirre

254 4491 341 4558 euim
360 4490 471 4560 studet
488 4490 666 4579 Polybius,
688 4488 792 4578 justas
816 4500 942 4560 tautum
965 4491 1054 4557 eises
1075 4489 1233 4580 perfidiae
1250 4511 1328 4557 suae
1347 4509 1422 4578 poe-
