2950 5060
73 631 133 674 nas
158 606 296 674 dedisse.
341 605 380 672 ln
406 625 472 692 qno
496 614 624 680 tamen,
650 593 712 672 hoc
729 603 799 670 lere
817 601 1036 690 reputandum
1055 623 1129 670 esse
1153 601 1241 668 vide-

74 722 142 776 tur.
181 703 298 795 ‘Copta
318 729 379 794 per
397 717 595 774 nocturnum
611 703 702 772 illum
722 706 812 772 Arati
832 707 988 792 impetum
1008 704 1106 786 urbe,
1133 716 1169 770 ut
1188 727 1241 790 pe·

76 811 243 900 peccarint
260 809 381 877 Achaei
406 819 441 874 et
466 807 539 872 ritis
562 818 602 877 et.
618 805 757 874 fortunis
773 808 912 886 civium,
938 818 1128 874 tamennon
1148 817 1243 892 pote-

76 923 170 994 rant,
196 923 234 978 ut
251 913 284 978 io
303 910 435 979 loedere
452 931 509 976 eos
526 919 712 990 servarent,
738 910 817 996 quio
842 919 877 976 et
899 908 1095 994 praesidium
1121 909 1159 974 iis
1183 909 1242 974 ior·

77 1024 259 1102 ponerent,
284 1013 469 1080 et-mutotis
486 1011 614 1098 legibus
631 1017 668 1076 et'
683 1011 839 1079 institutis
857 1011 1053 1098 reipublicae
1073 1033 1171 1078 novos
1188 1033 1244 1076 eos

75 1118 164 1184 eires
191 1116 337 1203 recipere
367 1123 537 1202 cogerent.
590 1111 688 1180 Unde
718 1123 778 1181 oec'
807 1123 897 1180 tanta
928 1112 1055 1194 luerat,
1088 1123 1243 1200 quautam

77 1219 237 1306 Polybius
262 1215 475 1304 praedicavit,
507 1214 709 1311 Achaeorum
736 1235 817 1302 erga
842 1215 1086 1282 Mantioeenses
1108 1223 1243 1302 magna-

78 1321 208 1391 nimitas
225 1343 263 1386 ac
281 1317 474 1398 liberalitas,
501 1339 607 1404 aeque
624 1316 825 1382 horumtam
845 1316 984 1406 nefanda
1001 1313 1139 1402 injuria,
1165 1317 1243 1403 quin

77 1425 110 1488 in
132 1419 312 1490 ulciscenda
330 1444 369 1488 ea
387 1419 501 1486 durius
518 1419 627 1506 egisse
645 1417 696 1486 rel
713 1421 841 1486 Aratus¹
857 1417 909 1486 rel
926 1419 1122 1486 Macedones
1139 1417 1243 1486 videri

77 1534 209 1611 possent
234 1522 424 1610 (Plutarch.
442 1524 501 1588 Ar.
520 1527 580 1590 36.
599 1527 661 1590 39.
688 1519 814 1588 Cleom.
838 1519 913 1610 14).

146 1625 268 1690 Similis
292 1626 375 1690 ratio
399 1635 448 1690 est
473 1645 607 1700 eorum,
645 1643 730 1710 quae
761 1621 813 1688 da
827 1622 1070 1704 Aristomache,
1089 1633 1244 1711 ‘tyranno

78 1729 291 1814 Argivorum,
317 1725 525 1814 Phylarchus
537 1723 661 1791 ‘dixisse
678 1723 795 1792 fertur.
830 1726 869 1791 ln
888 1748 955 1814 quo
972 1725 1104 1812 Polybii
1122 1735 1244 1812 quanta

77 1830 231 1916 iniquitas
248 1829 366 1907 luerit,
392 1827 487 1894 facile
505 1835 612 1914 patet,
637 1827 663 1892 si
682 1825 856 1914 quisquae
880 1849 909 1894 c.
927 1831 989 1904 59,
1005 1835 1025 1896 6
1045 1827 1143 1908 dicit,
1167 1846 1242 1894 cum

77 1932 117 1998 iis
134 1931 392 2020 comparaverit,
416 1953 500 2018 quae
517 1938 612 2000 autea
631 1929 701 2016 ipse
728 1924 817 2018 (59,
840 1927 885 2018 1)
910 1953 930 1994 e
948 1928 1135 2016 Phylarcho
1155 1941 1243 1994 retu*

42 2119 45 2123 Ι
78 2033 173 2098 lerat.
224 2035 299 2100 Non
324 2033 411 2098 enim
436 2029 643 2118 Phylarchus
667 2030 835 2112 voluerat,
869 2031 1151 2110 „Aristomachum
1178 2053 1242 2096 nco

75 2135 181 2202 solum
196 2145 372 2222 tyrannum
384 2133 441 2200 sed
456 2133 556 2201 etiam
571 2133 719 2220 tyrannis
736 2145 845 2200 ortum
865 2133 1000 2214 luisse“‚
1026 2131 1084 2200 sed
1104 2145 1241 2220 „tyran-

77 2257 155 2304 nour
165 2235 305 2324 -quidem
320 2237 520 2324 Argivorum
537 2233 596 2302 sed
614 2227 762 2322 tyrannis
780 2240 927 2302 natum“.
971 2235 1114 2302 Multum
1132 2245 1242 2302 autem

78 2340 152 2419 ille,
177 2339 314 2408 Achaeis
330 2337 537 2418 conciliatus,
561 2335 604 2404 ad
622 2336 763 2416 foederis
779 2359 893 2404 eorum
913 2337 1112 2404 incrementa
1129 2350 1244 2404 contu·

77 2441 154 2506 lissa
172 2439 324 2522 uidetur,
346 2463 365 2506 a
389 2463 455 2528 quo
476 2434 564 2526 quod
587 2439 697 2526 paullo
713 2448 791 2506 ante
808 2439 966 2529 Antigoni
984 2441 1016 2506 iu
1035 2439 1243 2529 Peloponne-

75 2565 152 2610 sum
165 2541 341 2609 advento·
362 2541 534 2610 deficiebat
544 2541 587 2621 6l,
621 2540 754 2608 delendi
773 2537 901 2629 poterat
925 2553 994 2608 tum
1013 2541 1153 2622 inuidia,
1179 2565 1244 2630 qua

76 2655 267 2732 persecutus
291 2667 366 2711 eum
392 2645 514 2732 pariter
530 2666 570 2710 ac
589 2642 789 2731 Lydiadem,
816 2643 1166 2732 Megalopolitanorum
1184 2667 1243 2710 an·

75 2757 131 2812 tea
156 2757 351 2833 tyrannum,
382 2753 503 2814 Aratus
527 2745 653 2825 lucrat,
685 2755 755 2812 tum
782 2745 852 2833 ipso
870 2743 1073 2812 Achaeorum
1099 2744 1244 2812 dissidio.

76 2849 162 2915 'Pam
185 2869 287 2936 aegre
309 2850 394 2916 euim
420 2847 634 2917 Achaeorum
656 2846 755 2935 longe
784 2847 916 2934 plurimi
948 2848 1061 2914 tulisse
1089 2846 1244 2914 dicuntur

74 2949 324 3020 Macedonicum
350 2950 482 3030 loedcs,
524 2960 589 3020 taur
622 2950 715 3038 pauci
746 2949 931 3018 interfuisse
960 2950 1116 3032 concilio,
1155 2948 1243 3039 quod

75 3054 222 3120 Aratum·
239 3053 364 3142 aliquot
392 3052 554 3120 mensibus
578 3061 656 3118 aute
678 3051 855 3120 adrentum
880 3052 1037 3140 Antigoni
1062 3054 1245 3142 σαρατηγὰν

76 3150 303 3245 αὐτοκράτορα
325 3165 474 3236 crearet,
500 3166 537 3220 ut
561 3153 625 3242 qui
641 3153 703 3220 hoc
727 3164 875 3241 tempore
899 3153 1013 3220 laedas
1031 3154 1244 3243 relinqueret,

75 3259 118 3322 ab
141 3258 241 3322 Arato
265 3258 371 3345 potius
394 3279 492 3345 quam
517 3256 558 3322 ab
581 3255 897 3324 Achaeisssdelecisse
920 3255 1098 3323 uideretur.
1145 3256 1243 3324 Unde

74 3357 250 3445 indignum
274 3383 352 3428 saue
374 3359 567 3446 supplicium
587 3356 691 3424 videri
708 3368 855 3444 poterat,
881 3357 970 3446 quod
990 3359 1243 3439 Aristomachus,

73 3483 177 3548 quum
192 3473 323 3548 recepta
336 3465 377 3529 ab
392 3461 527 3530 Achaeis
534 3460 732 3547 Argivorum
746 3461 877 3531 civitate
890 3461 923 3524 in
939 3471 1131 3548 potestatem
1145 3461 1241 3526 simul

72 3585 190 3630 eorum
209 3565 347 3630 venisset
354 3611 364 3646 ,
389 3565 421 3630 in
441 3586 532 3631 mare
549 3563 839 3650 praecipitaretur,
865 3585 990 3650 neque,
1014 3563 1043 3628 si
1059 3562 1124 3629 tale
1140 3563 1184 3628 de
1201 3587 1242 3628 eo
1349 3606 1351 3610 -

72 3663 268 3753 supplicium
287 3676 428 3732 sumtum
452 3677 520 3747 est,
545 3664 736 3732 incredibile
753 3665 903 3746 videtur,
929 3665 984 3732 illa
1007 3687 1137 3752 quoquc
1158 3687 1242 3753 quae

73 3767 282 3854 Phylarchus
308 3769 469 3857 copiosius
493 3768 629 3836 sortasse
653 3777 845 3854 persecutus
868 3776 936 3846 est,
962 3777 1125 3840 tormenta
1148 3777 1241 3834 ante·
1319 3841 1323 3852 ¹

71 3870 217 3936 cessisse.
269 3871 346 3957 Ipse
377 3894 507 3959 quoque
535 3869 734 3937 Plutarchus
764 3877 901 3942 testatus
926 3878 994 3950 est,
1027 3869 1111 3936 male
1135 3869 1178 3936 de
1201 3892 1241 3934 eo

72 3974 211 4040 Aratum
229 3964 389 4040 audivisse
401 3975 433 4037 ⁷).
1033 3963 1037 3970 ⁴

137 4227 169 4293 6)
184 4220 284 4300 Polyb.
300 4223 349 4294 ll,
374 4230 427 4296 6⁰,
443 4231 473 4284 6.

137 4329 169 4393 7)
183 4320 262 4382 Anat.
276 4327 326 4386 44.
346 4323 397 4382 τὸν
410 4323 435 4380 δ’
446 4319 636 4397 Ἀριστόμαχον
656 4322 687 4380 ἐν
705 4329 859 4396 Κεγχρεαῖς
878 4323 1093 4398 στρεβλώσαντες
1109 4321 1240 4381 amandu-

67 4423 160 4478 τασαν,
181 4406 225 4475 ἐφ’
240 4401 263 4483 ᾧ
276 4409 324 4466 καὶ
339 4407 455 4481 μάλιστα
469 4413 559 4471 κακῶς
571 4405 694 4480 ἤκουσεν
708 4406 853 4483 ὁἍρατος,
882 4407 917 4472 ὡς
936 4406 1090 4478 ἄνθρωπον
1104 4409 1139 4466 ori
1154 4428 1239 4480 πανη-

67 4492 122 4564 pbv
137 4503 188 4552 etc.
203 4493 338 4566 παραϊδὼν
352 4493 521 4567 παρανόμως
532 4491 733 4567 ἀπολλύμενον.
