2950 5060
764 306 835 378 4⁰

216 545 469 632 παρατιθέμενα
486 541 544 608 ἐπι
564 547 627 626 μέν
642 545 824 632 τραπεζίου,
834 535 876 630 ήν
887 545 950 615 ,τοῦ
965 537 1143 623 τυχόντος,
1167 543 1213 608 ari
1227 543 1265 610 δὲ
1280 545 1390 610 λοιπὰ

217 643 304 712 ὥστε
318 640 397 732 μήθ’
411 641 602 733 ὑπεραίρειν
624 640 706 730 μήτε
727 645 874 724 λείπειν,
901 640 970 710 ἄλλ’
990 643 1087 720 ἱκανὰ
1103 641 1213 712 ἅπασι
1229 651 1390 728 γίνεσθαι

216 754 273 813 καὶ
293 745 336 834 μή
358 747 578 836 προςδεῖσθαι
600 745 676 820 τοῦς
696 743 882 834 παρόντας.
909 742 984 814 oilae
1003 747 1065 835 γὰρ
1083 744 1185 821 οὕτως
1201 742 1285 834 ᾤετο
1302 749 1389 827 δεῖν,

216 848 330 938 ὥσπερ
347 849 385 916 ἐν
400 848 674 934 τοῖςφειδιτίοις,
701 847 860 929 δέχεσθαι
884 853 976 935 ζωμῷ
1000 855 1055 914 καὶ
1078 849 1239 936 κρεαδίοις
1254 847 1390 936 ἀφελῶς

216 945 294 1019 oilae
309 947 414 1018 πάλιν
430 949 532 1024 οὕτως
547 945 770 1038 ὑπερτείνειν,
796 945 839 1024 ὡς
855 950 901 1024 είς
916 949 955 1016 τὸ
971 951 1073 1036 μηδὲν
1089 951 1258 1036 δαπανᾷν,
1284 948 1388 1039 ὑπερ·

215 1050 380 1140 βάλλοντα
403 1053 442 1122 ab
466 1049 651 1140 σύμμετρον
674 1055 730 1137 τῆς
757 1051 898 1137 διαίτης.
929 1051 970 1118 τὸ
994 1053 1140 1140 μὲνγὰρ
1165 1048 1389 1142 ἀνελεύθερον

217 1155 395 1240 ἐνομίζετο,
421 1154 460 1222 rb
479 1151 512 1219 δ’
529 1149 761 1242 ὑπερήφανον.
787 1149 857 1219 ὁδ’
878 1154 965 1228 οἶνος
981 1149 1021 1239 ήν
1036 1159 1139 1243 μικρῷ
1154 1155 1304 1238 βελτίων,
1332 1155 1389 1221 ὅτε
1446 1235 1447 1240 ¹

218 1254 405 1346 παρείησάν
428 1279 529 1328 τινες.
562 1255 636 1322 ἐπεὶ
659 1255 695 1322 δὲ
718 1252 930 1342 δειπνήσειαν
951 1253 1106 1324 ἐσιώπων
1135 1254 1274 1331 πάντες.
1308 1253 1328 1323 ὃ
1352 1257 1389 1324 δὲ

218 1367 299 1434 παίς
314 1355 498 1446 ἐφειστήκει
513 1359 712 1445 κεκραμένον
729 1356 812 1438 ἔχων
828 1357 867 1424 τὸ
880 1358 987 1424 ποτὸν
1000 1362 1112 1445 καὶτῷ
1128 1360 1276 1424 αἰτοῦντι
1289 1382 1386 1446 προς-

219 1465 334 1550 έφερε.
360 1461 420 1528 τὸν
436 1455 539 1526 αιἰτδν
555 1460 592 1526 δὲ
608 1456 736 1548 τρόπον
751 1465 806 1524 καὶ
821 1459 906 1542 μετὰ
922 1461 962 1526 τὸ
980 1460 1116 1526 δεῖπνον
1131 1456 1171 1526 ori
1188 1462 1306 1528 πλεῖον
1322 1461 1385 1526 ἐδί-
1446 1477 1447 1504 l

219 1563 297 1630 δοτο
322 1559 379 1630 δύο
402 1559 557 1641 κυάθων,
581 1565 752 1628 καὶτοῦτο
776 1559 1014 1648 προςνεύσαντι
1034 1567 1263 1650 προςεφέρετο.
1291 1559 1385 1650 ἀκρό-

220 1689 291 1750 αμα
315 1664 351 1732 rt
375 1659 470 1732 orldtv
494 1658 653 1730 οὗδέποτε
669 1660 934 1752 παρεπορεύετο,
960 1665 1094 1754 διετέλει
1118 1660 1150 1728 δ’
1175 1660 1273 1738 oriris
1289 1689 1385 1753 προς-

220 1768 343 1892 ρμιλιίν
367 1765 450 1856 πρὸς
473 1768 613 1834 ἕκαστον
642 1771 703 1841 και
722 1761 852 1839 πάντας
874 1762 1104 1849 ἐιααλοίμενος
1126 1767 1171 1840 είς
1193 1766 1233 1832 τδ
1262 1765 1306 1830 τὰ
1324 1772 1385 1850 μὲν
1446 1803 1447 1858 3

220 1865 369 1949 δκουειν,
395 1869 438 1934 τὰ
461 1868 497 1936 δὲ
519 1868 624 1952 λέγειν
646 1861 779 1946 αὐτοὺς,
804 1865 890 1934 ὥστε
914 1871 1170 1957 τεθηρευμένους
1191 1863 1387 1957 ἀποτρέχειν

220 1969 412 2046 ἅπανταςβ

289 2068 476 2160 Conjunata
499 2072 545 2138 ita
568 2061 648 2138 baeo
670 2071 779 2138 omnia
800 2071 887 2140 inter
904 2094 939 2138 ee
957 2023 1128 2154 ridentur,
1154 2080 1191 2138 ut
1208 2072 1261 2138 ria
1280 2070 1386 2138 oredi-

221 2172 286 2241 bile
308 2174 368 2256 sit,
393 2198 413 2241 ε
436 2172 572 2240 dirersis
596 2196 636 2240 ea
660 2172 751 2240 libris
775 2171 969 2260 deprompta
993 2197 1075 2240 esse.
1117 2173 1170 2239 Eo
1187 2174 1273 2238 enim
1293 2196 1386 2260 praa·
1446 2237 1447 2246 ,

220 2275 340 2344 olarios
357 2275 506 2344 elucebat
523 2275 709 2342 Cleomenis
726 2274 916 2363 frugalitas,
942 2297 1007 2362 quo
1025 2272 1181 2361 majorem
1202 2287 1271 2341 tum
1285 2277 1386 2362 Spar·
1446 2267 1447 2358 l

220 2387 315 2446 tanos
340 2376 504 2444 luxuriam
528 2377 680 2444 invasisse
701 2378 891 2464 apparebat.
938 2375 1134 2464 Legendum
1160 2377 1264 2464 igitur
1287 2376 1387 2444 luerit

221 2484 355 2574 πέμπτη
378 2501 439 2568 pro
461 2475 733 2572 πεντεκαιδεκάτῃ
755 2487 789 2544 et
806 2477 888 2544 liber
903 2479 1037 2566 quintus
1053 2488 1088 2544 et
1104 2479 1275 2544 vicesimus
1292 2477 1387 2542 intel·
1446 2511 1447 2562 j

222 2579 385 2670 ligendus.
428 2579 636 2648 confirmare
650 2577 714 2646 boo
731 2589 903 2667 praeterea
919 2589 954 2646 et
971 2590 1156 2667 temporum
1179 2580 1263 2646 ratio
1280 2590 1316 2646 et
1333 2578 1386 2644 ille

222 2683 264 2752 de
279 2681 482 2750 Motbaoibus
496 2681 586 2750 locus
598 2679 735 2749 ridetur.
754 2716 806 2732 -
821 2681 920 2769 μικρὰ
936 2686 1242 2770 συμπεριενεχθεῖσι
1255 2703 1386 2769 parum-

222 2807 283 2874 per
300 2785 435 2852 versatis
451 2785 539 2852 eirea
556 2807 595 2852 ea
614 2779 678 2874 (εο.
697 2781 865 2872 phiditia).
913 2783 1045 2850 Laudat
1061 2782 1245 2870 Schweigb.
1263 2801 1386 2867 συμπε-

223 2890 422 2974 ριφέρεσθαι
439 2885 561 2972 δείπνῳ
578 2886 640 2965 lv,
660 2907 695 2972 p.
713 2892 797 2966 121,
814 2887 856 2964 A,
881 2885 1038 2952 interesse
1054 2885 1202 2952 convivio
1219 2894 1254 2950 et
1270 2885 1386 2952 Lexio.

223 2987 342 3076 Polyb.
368 3009 398 3051 v.
416 2982 728 3076 σομπεριφοριί.-
750 2983 932 3074 κλιντήριον
954 2987 1059 3077 ψιλδν
1079 2989 1186 3072 κλίνης
1210 2984 1287 3054 laeti
1313 3009 1386 3072 pars

222 3111 281 3172 ea,
306 3088 339 3155 in
363 3109 428 3176 qua
451 3089 561 3156 cubito
586 3088 808 3156 innitebantur
831 3086 1088 3171 discumbentes,
1112 3088 1258 3156 aulaitris
1275 3109 1386 3154 vanua
1424 3075 1447 3162 l

227 3227 271 3240 --
290 3195 455 3278 ποτηρίων
477 3215 497 3256 τ
494 3186 677 3266 ’ἐκθέσεις
692 3191 826 3258 πολλων
842 3190 1033 3277 poculorum
1052 3191 1228 3256 multorum
1246 3211 1322 3256 oum
1336 3187 1386 3308 J'a·
1446 3179 1447 3236 l

221 3293 344 3358 atentia
360 3290 500 3380 quadam
517 3293 806 3380 expositionese-
822 3289 910 3379 μύρα
926 3292 1143 3378 ἐξηλλαγμένα
1156 3302 1326 3380 unguenta
1339 3293 1386 3356 in-

222 3394 353 3476 usitata,
380 3415 475 3476 nova,
502 3416 587 3462 rara.
605 3429 657 3444 -
679 3393 832 3473 ἐξουσίαν
848 3390 980 3482 αὖλικήν
997 3394 1127 3483 qualis
1117 3418 1151 3460 ιιι
1169 3394 1251 3460 aulis
1270 3415 1447 3496 regum

221 3494 528 3577 Macedonicorum,
555 3497 767 3576 Asianorum,
789 3494 928 3562 aliorum
945 3509 1117 3563 esset—
1064 3521 1209 3562 -των
1224 3492 1386 3614 πρότερον

221 3596 473 3685 intelligendum
491 3596 622 3664 ridetur
635 3597 807 3684 βασιλέων.
843 3596 964 3686 Polyb.
977 3599 1039 3682 VI,
1058 3606 1141 3668 9..a
1175 3598 1227 3665 Ea
1246 3597 1386 3684 luitpri·

224 3709 371 3766 vetorum
385 3698 633 3788 quorundam
603 3699 723 3766 arvium
738 3701 975 3787 Spartanorum
994 3699 1137 3783 luxuria,
1164 3709 1200 3766 ut
1213 3721 1297 3788 quae
1310 3699 1386 3766 Arei

222 3800 285 3868 luit
302 3811 336 3866 et
353 3802 518 3882 Δτιοιιιί,
543 3811 730 3890 comparata
747 3823 823 3870 oum
840 3802 915 3884 illa,
940 3801 1113 3890 frugalitas
1131 3801 1317 3881 videretur,
1343 3801 1387 3866 ita
1446 3869 1447 3874 ,

225 3912 261 3968 ut
278 3925 297 3968 ε
313 3903 535 3990 superioribus
553 3905 686 3994 regibus
701 3906 800 3972 etiam
818 3905 875 3993 qui
893 3904 1080 3970 tenuissima
1098 3905 1254 3978 vixissent
1274 3924 1386 3989 super·
1446 3899 1447 3966 l

223 4026 293 4070 asse
317 4026 356 4070 eo
381 4003 581 4072 viderentur.
611 4041 660 4056 --
689 4008 823 4074 πολλῶν
851 4007 888 4073 δὲ
910 4011 1093 4095 πρεσβειων
1115 4016 1178 4072 eto.
1217 4003 1386 4071 Plutarch.
1446 3969 1447 4082 l

223 4105 350 4172 Oleum.
373 4112 430 4173 13.
457 4131 526 4174 των
548 4107 584 4174 δὲ
607 4107 751 4176 δείπνων
772 4103 875 4175 αυτοῦ
897 4107 936 4176 ab
959 4115 1022 4192 μὲν
1043 4101 1309 4197 καθημερινὸν
1288 4130 1328 4192 ην
1351 4105 1447 4172 ἐν

220 4208 370 4296 τρικλίνῳ
388 4205 520 4298 σφόδρα
537 4213 802 4296 συνεσταλμένον
820 4217 875 4277 και
890 4209 1098 4280 Λακωνικόν·
1125 4213 1156 4280 εί
1177 4211 1214 4277 δὲ
1235 4212 1447 4298 πρέσβεις

220 4305 366 4395 ήξένους
382 4310 529 4392 δέχοιτο,
556 4309 615 4381 δύο
631 4317 695 4397 μὲν
710 4308 809 4382 ίίλλαι
831 4311 1161 4404 προςπαρεβιίίλοντο
1183 4314 1310 4390 κλίναι,
1334 4335 1383 4394 μι-

219 4417 285 4500 κρῷ
302 4413 481 4496 δὲμᾶλλον
497 4413 533 4484 or‘
544 4410 705 4505 ὑπηρέται
720 4415 781 4504 τήν
796 4415 965 4504 τράπεζαν
981 4415 1248 4506 ἐπελάμπρυνον,
1276 4409 1315 4482 οὗ
1331 4437 1384 4478 κα-

656 4719 701 4776 λῇ

653 4783 691 4843 -ib
