2950 5060
25 573 27 584 ’
98 560 247 636 ἀπαθεῖς
264 557 382 635 αὐτοὺς
400 561 607 686 διατηρῆσαι.
619 563 883 650 ἐπιγνωσθῆναι
909 565 945 630 δὲ
969 569 1066 631 rorico
1083 562 1222 652 υστερον
1239 564 1273 646 ἐξ

98 662 305 754 ἀνακρίσεως
322 667 381 730 τοῦ
404 664 442 730 τὸ
460 662 636 751 φόρμακον
650 663 865 741 πωλόσαντος
882 673 936 735 καὶ
952 665 1195 782 ἐπιγνόντος
1158 693 1197 733 το
1220 691 1268 749 γε·

102 765 245 852 νόμενον
261 766 296 831 ἐκ
313 771 367 851 τῆς
384 771 452 832 τῶν
466 764 578 852 μήλων
595 773 792 842 συνθέσεως.

168 871 221 936 De
246 867 404 934 malorum
433 868 492 934 hoc
516 889 641 956 genere
664 870 732 958 ipse
750 870 936 936 Athenaeus
958 871 1080 946 multus
1097 880 1147 938 est
1163 868 1269 956 ejusd.

98 971 173 1036 libri
191 993 261 1056 cap.
283 977 424 1036 20-22.
469 971 522 1036 De
549 970 751 1056 phasiaco
725 995 811 1048 srre,
837 971 925 1058 quod
950 972 1038 1059 apud
1065 972 1267 1038 Nicandrum

97 1083 160 1148 est,
188 1071 320 1157 pharion
336 1071 466 1157 copiose
484 1069 568 1136 dixit
580 1072 760 1150 Schneider
776 1072 818 1137 ad
836 1075 869 1138 N
873 1075 912 1138 ic.
929 1073 1023 1140 Alex.
1039 1079 1124 1142 398.
1162 1075 1268 1139 Verba

98 1184 263 1260 postrema
281 1195 349 1238 rem
369 1172 537 1252 denotant,
560 1195 624 1261 qua
642 1173 683 1240 ad
703 1173 930 1240 medicamenti
950 1173 1035 1240 illins
1051 1174 1266 1262 cydoniorum

98 1275 258 1340 malorum
287 1274 482 1340 mentionem
516 1285 631 1341 auctor
662 1274 789 1341 delatus
819 1286 879 1342 cst.
932 1275 991 1342 Usi
1015 1276 1147 1363 quidam
1173 1286 1269 1360 erant

97 1377 250 1463 phasiaco
276 1375 336 1441 isto
360 1369 604 1443 ad'necandum
623 1377 785 1464 aliquem,
812 1399 877 1464 quo
895 1401 995 1465 quum
1015 1377 1095 1442 nihil
1112 1377 1266 1445 ellectum

96 1489 202 1557 esset,
228 1499 322 1543 causa
344 1489 474 1564 reperta
491 1488 542 1542 cst
559 1478 591 1544 in
611 1479 673 1544 isto
690 1478 904 1566 cydoniorum
925 1479 1082 1558 malorum
1102 1477 1215 1546 odore.

168 1579 272 1644 Athen
291 1580 350 1646 VI.
378 1601 409 1664 p·
430 1584 515 1657 251,
534 1579 574 1644 C.
621 1577 791 1668 Φύλαρχος
814 1580 850 1646 δὲ
872 1582 910 1648 ἐν
933 1584 1012 1668 ἕκτῳ
1031 1579 1186 1669 ἱστοριῶν
1202 1583 1264 1646 Νι·

95 1687 215 1766 κιγσίαν
236 1688 318 1766 φησι
341 1680 401 1746 τὸν
420 1677 639 1768 ἈλεξάνδρουΙ
663 1680 785 1748 κόλακα
808 1679 1023 1766 θεασάμενον
1047 1683 1266 1766 τὸνβασιλέα

95 1780 378 1869 σπαρασσόμενον
394 1779 449 1869 ὑφ’
467 1776 505 1848 οὗ
523 1781 648 1907 εἰλήφει
665 1781 839 1912 φαρμάκου
858 1786 983 1864 εἰπεῖν,
1018 1779 1207 1869 Anaetica,
1233 1791 1269 1850 τί

94 1886 148 1950 δεῖ
168 1893 277 1950 ποιεῖν
299 1881 397 1971 ιγμίις,
434 1883 485 1951 ότι
509 1881 603 1949 καιι
587 1893 676 1969 υμεῖς
701 1885 736 1952 οἱ
755 1891 831 1952 θεοῖ
854 1890 991 1951 τοιαῦτα
1014 1883 1179 1990 πόσχετες
1210 1894 1266 1951 καὶ

94 1987 155 2052 τὸν
172 1982 393 2073 Ἀλέξανδρον
411 1983 504 2070 μόλις
528 1983 785 2078 ἀναβλέψαντα,
812 1995 903 2055 ποῖοι
926 1991 1022 2067 Aeol,
1049 1993 1175 2075 φῆσαι·
1203 2011 1263 2074 φο-

92 2093 213 2172 βοῦμαι
231 2089 274 2172 μὴ
294 2097 360 2162 τοῖς
377 2094 510 2155 θεοῖσιν
529 2090 657 2209 ἐχθροί.

162 2189 269 2254 Aliam
301 2191 342 2256 de
373 2187 518 2278 ejusdem
547 2189 699 2258 Nicesiae
736 2189 923 2257 adulatione
953 2190 1120 2264 historiam
1150 2189 1265 2272 tradit,
1377 2185 1380 2190 ’

92 2290 316 2377 Hegesander
339 2315 391 2380 ap.
418 2292 493 2358 Ath.
520 2315 552 2379 p
573 2295 659 2374 249,
685 2294 727 2358 D.
779 2295 950 2377 Φοβοῦμαι
972 2293 1016 2377 μυ)
1040 2301 1108 2366 τοῖς
1130 2297 1262 2360 θεοῖσιν

93 2394 214 2481 ἐχθροί
230 2417 290 2481 pro
308 2394 425 2482 tragici
443 2390 611 2480 cujusdam
632 2405 746 2481 poetae
765 2396 869 2472 verbis
887 2389 984 2459 habet
1000 2391 1205 2474 Dindprlius.

162 2495 281 2574 Athen.
300 2495 346 2576 X,
364 2518 396 2582 p.
413 2498 500 2574 438,
513 2495 554 2562 C.
583 2493 753 2585 Φύλαρχος
770 2497 806 2564 δὲ
823 2497 861 2563 ἐν
877 2501 923 2590 τῇ,
934 2498 1007 2588 ἕκτῃ
1024 2501 1092 2562 τῶν
1108 2495 1264 2583 ἱστοριῶν
1351 2489 1355 2498 ’

88 2593 261 2676 Ἀντίοχόν
277 2617 360 2683 φησι
376 2597 589 2682 τὸνβασιλέα
606 2595 758 2684 φίλοινον
774 2597 949 2682 γενόμενον
970 2591 1205 2681 μεθύσκεσθαί
1225 2623 1262 2664 τε

91 2705 149 2764 καὶ
170 2704 352 2783 κοιμᾶσθαι
375 2699 433 2764 ἐπὶ
456 2701 560 2766 πλέον
566 2749 578 2780 ,
612 2697 676 2776 εἶθ’
700 2698 854 2787 ἱσπέρας,
872 2693 973 2774 πόλιν
996 2695 1262 2784 ἀφυπνιζόμενον

93 2800 278 2866 ἐπιπίνειν.
314 2798 504 2890 ἐχρημάτιζέ
535 2827 591 2880 τε,
621 2795 725 2888 φησὶ,
759 2799 873 2887 νήφων
895 2807 957 2906 μὲν
983 2805 1107 2887 βραχέα
1132 2802 1260 2878 τελέως,

92 2900 277 2985 μεθόωνόὲ
291 2928 334 2982 τα
320 2901 464 2970 πολλά.
484 2903 537 2969 διὸ
553 2911 630 2992 περὶ
647 2900 748 2980 αὐτὸν
765 2898 860 2978 δύο,ς
841 2899 928 2990 ησαν
943 2901 979 2968 οἱ
992 2903 1239 2978 διοικοῦντες
1203 2926 1262 2987 την

92 3006 281 3088 βασιλείαν,
300 3001 452 3092 ’Ἄριστος
469 3013 524 3069 καὶ
545 3001 718 3090 Θεμίσων,
750 3003 917 3108 Κόπριοι
914 3031 935 3069 ω
937 3011 973 3071 ὲν
989 3008 1080 3088 γένος
1096 3011 1151 3070 καὶ
1168 2999 1260 3070 adel.-

93 3113 173 3192 (pol,
200 3105 357 3194 ἐρώμενοι
380 3099 455 3172 δὲ
435 3104 615 3196 αμφότεροι
631 3113 691 3174 τοῦ
711 3101 890 3188 Ἀντιόχου.

164 3209 340 3280 Antiochus
366 3209 481 3288 Soter,
515 3210 645 3286 Seleuci
674 3210 838 3286 Nicatoris
861 3201 950 3273 lilius
973 3216 1017 3286 ct
1031 3227 1198 3274 successor
1228 3206 1260 3270 in

93 3310 230 3394 imperio
257 3310 491 3396 intelligendus
515 3323 575 3377 cst.
595 3301 739 3378 Flnthc
766 3311 852 3375 Hist.
877 3307 1007 3386 Maced.
1032 3299 1090 3386 ll,
1117 3331 1150 3396 p.
1179 3314 1261 3376 193.

94 3408 200 3497 Adjici
225 3415 265 3476 ab
290 3407 362 3487 hoc,¹
373 3436 405 3498 p.
431 3403 528 3491 198,Ι
543 3407 601 3477 nbi
615 3412 656 3478 de
675 3433 792 3499 regum
810 3402 972 3477 Seleucid.
990 3410 1102 3498 agitur
1120 3409 1263 3490 luxuria,

93 3507 606 3600 hicPhylarchilocuspoteral.
651 3511 1073 3600 Nam,ap.Athan.Xlll‚
1098 3518 1165 3590 86,
1196 3532 1261 3596 quo
1359 3585 1361 3592 Ι

94 3613 166 3678 loco
199 3637 276 3679 usus
306 3627 374 3692 est,
418 3635 523 3701 neque
547 3614 590 3680 dc
613 3615 772 3680 Antiocho
802 3615 863 3678 isto
888 3635 994 3701 nequo
1018 3611 1059 3676 de
1083 3611 1263 3676 Seleucidis

93 3737 202 3780 sermo
220 3727 280 3781 est.
325 3717 377 3782 De
395 3717 593 3782 'l'hemisone
611 3717 831 3803 e,Pytherrno
851 3709 992 3800 Ephesio
1012 3713 1089 3779 hacc
1103 3715 1143 3778 ab
1162 3713 1260 3792 Athe-

93 3839 176 3882 naeo
194 3818 276 3898 Vll,
300 3841 331 3904 p.
351 3827 439 3895 289,
458 3819 497 3884 F.
517 3813 718 3886 offeruntur:
753 3818 820 3882 Καὶ
841 3811 996 3899 Θεμίσων
1013 3811 1046 3878 δ’
1065 3812 1083 3880 ό
1100 3811 1260 3900 Κόπριος,

91 3915 136 3982 τοὶ
150 3915 318 3998 Ἀντιόχου
337 3926 396 3984 τοῦ
411 3922 570 4003 βασιλέως
586 3919 743 3996 παιδικὰ,
770 3917 812 3992 ῶς
835 3937 917 4003 φησι
935 3914 1110 4004 Πύθερμος
1133 3912 1259 4000 ὁἘφέ-

92 4037 165 4093 σιος
187 4021 225 4085 ἐν
248 4026 286 4114 τῇ
310 4017 407 4114 ὀγδόῃ
430 4017 496 4088 τῶν
523 4021 696 4108 ἱστοριῶν,
724 4016 762 4086 οὐ
778 4011 882 4104 μόνον
898 4019 936 4085 ἐν
952 4027 1023 4092 ταῖς
1040 4013 1261 4104 πανηγύρεσιν

92 4115 338 4209 ἄνεκηρόττετο,
368 4124 522 4208 Θεμίσων
539 4120 716 4200 Μακεδών,
737 4118 905 4202 Ἀντιόχου
922 4122 1080 4206 βασιλέως
1090 4117 1259 4206 Ἡρακλῆς,

93 4224 198 4289 tanos
222 4224 258 4288 δὲ
282 4221 372 4312 αὐτῷ
394 4222 516 4299 πάντες
535 4223 570 4290 οἱ
584 4222 749 4310 ἐγχῶριοι,
773 4220 1144 4310 ’ἐπιλέγοντεςἩροικλεῖ
1160 4219 1260 4302 Θεμί-

92 4343 177 4390 σωνι
195 4335 258 4390 etc.
298 4319 541 4413 'Saepius'enim
561 4337 630 4392 turn
650 4328 748 4404 tiebat
766 4317 825 4412 per
842 4325 1080 4402 adulationem,
1107 4333 1144 4400 ut
1161 4321 1259 4386 etism

91 4427 148 4492 olii
162 4450 261 4514 qnam
276 4430 440 4516 principes
453 4429 589 4496 deornm
603 4427 913 4494 instarcolerentur.
931 4425 1049 4497 Athen.
1059 4424 1120 4504 Vl,
1133 4445 1165 4510 p.
1175 4426 1276 4492 268..
1397 4457 1400 4468 ·
1446 4413 1449 4438 ⁴
