2950 5060
142 616 225 689 Τοῖς
242 615 279 682 έν
295 610 416 699 Δημνφ
434 615 664 685 κατοικοῦντας
681 607 877 695 Ἀθηναίων.
907 609 1138 697 NepMiltisd.
1157 621 1236 690 o.2.,
1259 672 1270 686 ,

8 787 9 790 ,
70 718 223 810 'l'hucyd
241 719 271 794 Ι,
294 723 377 784 115.
405 715 576 794 vllssr,
611 713 762 798 Xenoph.
782 713 873 779 Hell.
894 715 934 789 V,
958 721 990 792 1,
1009 719 1068 780 312
1095 713 1154 787 τὰς
1176 711 1236 779 πό-

71 824 197 894 λεις-
219 815 417 904 άμφοτέρας.
461 815 734 902 ScholApollon.
752 815 783 896 l,
803 818 887 883 604.
914 817 1051 889 Δίπολις
1067 813 1127 902 γάρ
1145 815 1251 906 ἐστιν,
1302 841 1305 844 ·

71 921 90 1010 ἢ
104 925 242 1008 Λῆμνος.
262 921 327 1002 ἔχει
348 919 407 1006 γὰρ
421 915 625 1005 Ἡφαιστίαν
636 923 691 982 καὶ
705 919 867 1006 Μυρίνην,
904 917 956 982 Cl.
969 918 1053 982 Plin.
1064 919 1111 982 Η.
1121 919 1165 982 Ν.
1176 919 1237 996 IV,

78 1035 134 1100 12,
155 1031 213 1092 23.
254 1024 366 1110 Steph.
391 1022 474 1107 Byz.
501 1043 529 1084 v.
547 1020 686 1105 Δῆμνος.
711 1056 763 1068 -
787 1016 1013 1092 ’ἀποδιδόντας
1036 1041 1149 1086 sensus
1172 1043 1236 1094 non

72 1127 215 1194 admittit
248 1136 283 1189 ut
312 1147 387 1190 cum
420 1119 555 1200 αύτούς,
590 1121 678 1207 quod
702 1119 1131 1207 sequiturfflonjungatur.
1187 1122 1237 1187 De

73 1230 180 1316 grstia
197 1229 303 1305 enim,
329 1247 425 1312 quam
447 1224 619 1290 retulerint
646 1223 775 1288 Lemnii
797 1223 925 1288 Seleuci
950 1236 984 1288 et
1004 1222 1153 1288 Antiochi
1180 1245 1237 1308 po-

73 1329 184 1409 steris,
209 1341 383 1415 antequam
408 1327 565 1394 Seleucus
589 1347 646 1390 eos
661 1325 850 1411 Lysimachi
871 1325 1008 1411 imperio
1028 1325 1238 1401 liberavisset,
1318 1329 1324 1335 ’

73 1433 212 1518 eogitari
231 1453 294 1496 non
314 1440 429 1516 potest.
474 1427 668 1512 Legendum
688 1437 738 1492 est
755 1423 967 1500 ἀποδιδόντες
984 1437 1017 1492 et
1034 1423 1237 1511 conjungen-

74 1535 150 1598 dum
165 1556 238 1598 cum
249 1528 493 1597 κατεσκεύασαν
507 1527 614 1602 ναούς.
641 1529 716 1602 Τοῖς
731 1527 891 1596 Σελεύκου
905 1536 959 1592 καὶ
973 1525 1140 1608 Ἀντιόχου
1153 1523 1237 1592 obro-

74 1633 187 1718 γόνοις.
224 1633 435 1720 intelligendi
453 1641 548 1710 sunt,
574 1627 690 1717 quibus
708 1653 781 1696 mox
802 1629 956 1696 dicuntur
971 1630 1099 1696 Lemnii
1116 1629 1237 1716 templa

74 1737 284 1812 exstruxisse,
307 1735 464 1802 Seleucus
478 1733 544 1802 ΙΙΙ.
569 1735 742 1798 Ceraunus
758 1745 793 1797 et
810 1733 986 1798 Antioc-hus
998 1733 1065 1798 ΙΙΙ.
1084 1732 1236 1818 Magnus.

75 1836 233 1904 Σελεύκου
252 1829 404 1925 σωτῆρος.
429 1836 472 1903 el.
489 1835 575 1900 Plut.
590 1834 764 1912 Charmid,
776 1857 808 1921 p.
829 1843 912 1915 167,
925 1839 963 1900 A.
982 1835 1058 1921 ibiq.
1072 1834 1240 1900 Heindorl

73 1948 354 2028 p.101et102.

549 2054 633 2110 laib-
655 2055 756 2110 XIV.

143 2141 260 2207 Athen.
278 2143 339 2220 VI,
366 2165 397 2228 p.
418 2149 505 2219 261,
523 2139 562 2205 Β.
594 2135 650 2206 Ἐν
667 2141 702 2204 δὲ
720 2145 759 2232 τῇ
775 2137 1102 2232 τεσσαρεςκαιδεκάτη
1120 2137 1238 2227 γράφει

74 2243 174 2318 οὕτως
207 2239 405 2331 ,disposuique
429 2240 608 2329 Δημήτριος
631 2241 706 2314 τούς
730 2239 962 2315 κολακεύοντας
986 2238 1087 2308 αύτδν
1111 2242 1148 2307 ἐν
1172 2249 1238 2316 τοϊς

73 2351 270 2430 συμποσίοις
299 2352 353 2410 καὶ
382 2345 611 2427 ἐπιχεομένους
642 2348 824 2432 Δημητρίου
852 2350 914 2427 μὲν
942 2341 1043 2426 μόνου
1067 2345 1236 2428 βασιλέως,

74 2449 281 2530 Πτολεμαίου
305 2449 340 2512 δὲ
365 2443 550 2534 ναυάρχου,
576 2439 769 2530 Λυσιμάχου
793 2445 829 2510 δὲ
853 2443 1092 2530 γαζοφύλακος,
1121 2443 1247 2512 Σελεύ-’

74 2575 132 2617 κου
153 2545 186 2614 δ’
204 2547 465 2636 ἐλεφαντάρχου.
490 2555 543 2612 καί
561 2543 760 2634 τοῦτ”αύτῷ
778 2544 816 2614 ού
832 2548 870 2614 τὸ
888 2548 987 2629 τυχὸν
1004 2553 1121 2633 συνῆγε
1132 2557 1237 2631 μίσος.

142 2653 266 2718 Similia
293 2651 490 2718 Plutarchus
513 2651 662 2716 Demetr.
689 2655 755 2719 25:
796 2651 916 2724 ἐκτίνος
945 2650 980 2714 δὲ
1011 2649 1238 2738 (Demetrius)

71 2751 236 2834 χλευάζων
252 2762 305 2820 καὶ
323 2755 425 2834 γελῶν
441 2753 516 2826 τούς
531 2747 635 2818 άλλον
651 2752 726 2819 τινὰ
742 2752 828 2838 πλην
845 2757 903 2818 τού
920 2752 1044 2839 πατρὸς
1065 2757 1119 2820 καὶ
1136 2747 1238 2817 αὑτοῦ

69 2858 210 2941 βασιλέα
227 2854 543 2946 προςαγορεύοντας,
571 2851 669 2940 ἡδέως
692 2849 787 2940 η’κουε
810 2859 877 2920 τῶν
893 2855 988 2941 παρὰ
1005 2851 1111 2918 πότον
1127 2851 1237 2935 ἐπιχύ-

71 2978 141 3034 σεις
168 2956 403 3043 λαμβανόντων
428 2959 610 3043 Δημητρίου
640 2959 817 3040 βασιλέως,
856 2955 1017 3024 Σελεύκου
1043 2952 1075 3020 δ’
1100 2955 1236 3042 ἐλεφαν-

70 3059 214 3147 τάρχου)
241 3062 447 3144 Πτολεμαίου
472 3059 506 3125 δὲ
525 3057 709 3148 ναυάρχου,
736 3057 928 3143 Λυσιμάχου
952 3060 987 3126 δὲ
1005 3057 1237 3144 γαζοφύλακος,

66 3160 303 3245 Ἀγαθοκλέους
328 3163 363 3228 δὲ
385 3166 444 3228 τού
470 3159 665 3228 Σικελιώτου
690 3159 876 3248 νησιάρχου.
928 3161 977 3228 Ad
1006 3183 1102 3248 quem
1130 3161 1237 3228 locum

69 3264 279 3344 Sohaelerns,
304 3263 527 3353 Phylarchum
549 3263 717 3329 Plutarchi
736 3263 857 3328 sontem
876 3273 1033 3342 statuens,
1058 3263 1154 3328 haee:
1181 3265 1236 3341 „in

70 3367 251 3453 Phylarchi
272 3367 341 3432 loco
361 3367 452 3446 vide,
479 3388 520 3432 ne
544 3365 582 3432 τό
604 3361 849 3450 όμοιοτέλευτον
866 3365 990 3430 eliserit
1003 3361 1238 3446 Ἀγαθοκλέους

69 3471 108 3534 δὲ
127 3467 314 3557 νησιάρχου.
352 3467 539 3556 Agathoclis
556 3461 642 3534 enim
661 3468 859 3534 mentionem
877 3467 1089 3534 Plutarchum
1105 3468 1237 3534 aliunde

8 3589 9 3600 ¹
69 3571 236 3659 petivisse,
254 3573 345 3637 eccui
360 3571 525 3658 probabile
539 3572 649 3636 fiat?“
680 3572 756 3637 Non
772 3570 969 3638 incredibilis
981 3593 1032 3634 res
1045 3583 1105 3649 est,
1123 3593 1237 3658 quam·

67 3695 171 3760 quam
192 3695 253 3738 non
273 3673 412 3740 defuisse
428 3673 615 3759 scriptores,
641 3675 791 3761 equibus
807 3683 976 3760 praeterea
992 3672 1139 3738 hauriret
1156 3673 1236 3739 Plu-

68 3774 225 3854 tarchns‚
250 3797 291 3842 ex
318 3777 386 3861 ipso
405 3761 572 3840 Athenaeo
591 3785 736 3852 constat,
762 3775 817 3862 qni
836 3774 1087 3849 Democharem‚
1113 3775 1253 3840 Hiero.

69 3899 208 3965 nymum
220 3877 433 3956 Gordianum,
453 3877 662 3942 Heraclidem
680 3877 853 3956 Lembum,
879 3876 1050 3942 Nicolaum
1061 3877 1236 3943 Damasce-

70 3979 375 4052 numnominat.—
387 3976 558 4067 Περιετόρα
576 3978 671 4058 „lieri
686 3989 866 4064 possusest,
885 3984 944 4042 ut“
962 3989 1001 4042 ex
1018 3977 1122 4067 δι’ςπερ
1136 3976 1236 4068 ἑώρα,

69 4079 161 4168 quod
188 4081 219 4145 in
242 4081 405 4169 plerisque
422 4079 586 4146 codicibus
603 4089 669 4160 est,
694 4079 1022 4168 Schweighaeuserus
1040 4092 1129 4146 recte
1148 4080 1236 4146 ride-

70 4195 127 4248 tur
143 4184 334 4268 restituisse.
350 4221 402 4232 -
418 4183 646 4266 ἐπιχεομένους
660 4186 852 4270 Δημητρίου.
880 4183 1107 4254 Casaubonusz
1125 4183 1233 4247 vinum

69 4286 103 4350 in
119 4307 230 4351 mensa
245 4285 382 4352 libantes
398 4285 568 4351 Demetrio
581 4273 745 4350 nominato
760 4285 790 4350 h.
801 4309 830 4350 e.
846 4287 876 4349 in
893 4285 1045 4348 honorem
1063 4285 1235 4350 Demetrii.

69 4386 180 4454 Recte
194 4386 378 4476 Schweigb.
396 4387 437 4452 ad
449 4387 597 4470 λπιχεομ.
613 4398 725 4454 monet
736 4385 984 4474 intelligendum
999 4409 1069 4452 esse
1082 4383 1234 4461 κυάθους.

66 4491 111 4556 ol.
132 4491 257 4556 Comes
274 4489 315 4556 ad
338 4490 425 4556 Plut.
445 4491 593 4556 Demetr.
613 4495 671 4558 25.
