2950 5060
628 363 692 432 41

78 605 220 691 ρυκείαις
243 605 332 665 τισλν
355 594 431 665 ulta
455 603 643 682 πέμμασιν.
676 593 752 663 ἀλλ’
778 593 860 664 ὥστ’
893 594 1133 688 ἀφθονωτέρας
1161 601 1246 665 εἶναι
1305 665 1307 670 ,

76 705 137 778 τοὶς
154 705 361 790 παραθέσεις
377 705 431 766 καλ
449 697 769 789 φιλανθρωπότερον
791 701 851 766 τδν
873 701 976 768 ολνον.
1006 739 1042 748 -
1077 703 1128 768 De
1146 697 1245 767 συνά-

77 829 147 890 γειν
171 803 283 870 laudat
305 803 490 890 Schweigh.
515 804 557 884 V,
584 825 616 890 p.
640 809 724 882 186,
742 801 782 868 B.
801 803 854 883 0.,
886 803 945 869 IV.
972 826 1004 890 p.
1028 803 1111 884 143,
1128 804 1168 868 A.
1196 839 1246 852 -

78 904 125 972 δι’
143 903 310 993 ἐδεάτρου.
343 904 521 991 Explicant
538 902 763 990 lexicographi
773 950 783 982 ,
810 903 959 992 Hesych.
976 905 1166 990 ἐπιμελητὴς
1183 905 1246 970 δεί-

77 1031 176 1074 πνου.
221 1007 359 1073 Festus:
390 1005 555 1086 Edeatre,
581 1004 636 1091 qul
663 1013 819 1091 praesunt
843 1006 944 1092 regiis
968 1006 1083 1093 epulis.
1130 1005 1245 1095 Steph.

78 1111 183 1176 Thes.
200 1144 252 1157 -
268 1103 336 1191 μετ’
359 1103 505 1192 ἀδελφοῦ
529 1107 615 1171 hunc
633 1107 718 1172 enirn
742 1105 775 1170 ln
794 1107 889 1192 regni
907 1108 1094 1173 societatem
1112 1129 1247 1194 accepe-

79 1222 144 1278 rat.
164 1209 333 1275 Plutarch.
352 1209 479 1276 Oleum.
503 1217 559 1274 11.
578 1245 626 1256 -
646 1208 705 1273 ἐπί
720 1229 756 1272 τε
773 1211 819 1295 τῷ
836 1209 967 1297 τρίποδι
985 1220 1048 1274 etc.
1075 1208 1246 1274 Plutarch.

79 1313 206 1378 Oleum.
237 1318 300 1378 13:
335 1306 542 1398 ἀπαρθείσης
564 1309 600 1374 δὲ
624 1313 679 1396 τῆς
702 1311 861 1398 τραπέζης
884 1309 1090 1393 εἰςεκομίζετο
1114 1315 1248 1398 τρίπους

80 1418 229 1502 κρατῆρα
244 1413 385 1494 χαλκοῦν
403 1411 487 1492 έχων
504 1415 594 1478 οἴνου
611 1411 735 1494 μεστὸν
751 1420 805 1477 καὶ
824 1411 944 1496 φιάλας
962 1410 1102 1500 ἀργυρᾶς
1125 1407 1247 1478 δικοτό-

78 1517 157 1590 λους
180 1513 238 1581 δόο
261 1522 315 1579 καὶ
337 1510 479 1602 ποτήρια
502 1519 570 1580 τῶν
593 1509 742 1602 ἀργυρῶν
766 1511 858 1596 όλίγα
880 1512 1119 1594 παντάπασιν,
1145 1514 1180 1593 έξ
1202 1507 1249 1580 ῶν

80 1618 196 1691 ἔπινεν
213 1611 232 1683 ό
247 1613 458 1701 βουλόμενος,
485 1610 598 1682 ἀκοντι
615 1612 649 1680 δ’
668 1611 771 1690 οὐδεὶς
787 1612 946 1704 ποτήριον
962 1621 1172 1705 προςέφερεν.
1199 1652 1248 1664 -

79 1717 202 1808 πρῶτηι
220 1741 264 1784 sc.
282 1719 419 1784 ἐδίδοτο.
438 1755 489 1767 -
506 1713 696 1807 προςνεόειν
713 1741 815 1804 puero
833 1719 997 1799 adnuere,
1024 1719 1079 1806 qul
1098 1719 1171 1784 vina
1189 1715 1249 1782 ml-

79 1822 250 1888 nistrabat.
263 1857 315 1870 ·-
331 1819 374 1885 τά
389 1819 504 1898 λοιπά,
531 1843 591 1908 pro
608 1842 673 1906 quo
687 1820 898 1885 Gausabonus
914 1817 1131 1886 τάλοιπάδια
1147 1817 1250 1906 conjl·
1370 1846 1376 1855 ·

80 1925 209 2004 ciebat,
233 1921 275 1988 de
293 1923 424 2009 potione
442 1920 693 2008 intelligendum
711 1945 781 1987 esse
799 1921 947 2004 videtur,
972 1934 1006 1988 et
1023 1943 1107 2011 quae
1124 1920 1250 2008 reliqua

80 2047 113 2090 v.
137 2047 167 2090 c.
193 2035 361 2111 unguenta
385 2023 425 2090 ad
451 2023 620 2111 epularum
643 2034 836 2112 apparatum
855 2025 1072 2111 pertinebant.
1107 2021 1149 2089 cl.
1167 2022 1250 2087 Plu·

80 2126 187 2192 tarch.
212 2121 295 2190 ὥστ’
309 2122 559 2218 ἀφθονωτέρας
579 2126 665 2192 εἶναι
688 2125 747 2200 τάς
766 2127 972 2213 παραθέσεις
988 2133 1041 2190 καὶ
1060 2126 1250 2212 φιλανθρω-

81 2224 226 2315 πότερον
242 2227 304 2292 τδν
320 2227 429 2305 οἶνον,
456 2238 491 2293 et
508 2215 621 2292 antea:
645 2231 813 2316 ποτηρίων
829 2223 857 2292 τ’
875 2228 1021 2302 ἐκθέσεις
1037 2229 1170 2294 πολλῶν
1187 2237 1251 2292 etc.

80 2365 135 2378 -
160 2324 235 2395 οότε
258 2328 319 2416 γάρ
343 2327 444 2402 οὕτως
468 2339 530 2394 etc.
558 2328 729 2396 Plutarch.
755 2327 776 2394 l.
800 2328 821 2393 l.
845 2329 977 2418 καλγάρ
995 2331 1172 2415 ἐπετίμησέ
1186 2351 1252 2393 τινι

81 2435 153 2496 τῶν
168 2433 275 2518 φίλων
291 2427 445 2509 ἀκούσας,
474 2428 524 2496 δτι
541 2435 651 2511 ξένους
668 2430 788 2498 ἑστιῶν
805 2432 911 2515 ζωμὸν
928 2428 1038 2506 αάτοῖς
1054 2425 1181 2517 μέλανα
1198 2435 1253 2494 καλ

80 2530 208 2616 μάζαν,
236 2531 348 2626 ῶσπερ
373 2531 451 2606 ἔθος
474 2527 515 2619 ἦν
541 2533 579 2600 έν
599 2541 668 2608 τοῖς
691 2533 856 2618 φιδιτίοις,
882 2538 1087 2622 παρέθηκεν·
1114 2530 1152 2601 οὗ
1177 2533 1252 2620 γάρ,

83 2635 148 2720 ἔφη
155 2684 167 2714 ,
194 2635 263 2701 δεῖν
286 2635 324 2701 έν
347 2631 474 2709 τούτοις
498 2631 573 2700 τόδὲ
589 2636 672 2724 πρὸς
689 2635 764 2708 τοὺς
779 2640 890 2714 ξένους
906 2637 983 2701 λίαν
1000 2633 1135 2724 ἀκριβῶς
1150 2637 1253 2700 λακω-

82 2739 192 2814 νίζειν.
211 2773 263 2786 -
281 2733 431 2824 ἀκρόαμα
454 2731 487 2802 δ’
511 2733 608 2803 οάδὲν
624 2747 688 2803 etc.
716 2737 904 2803 Plutarch:
939 2733 1105 2826 Ἀκρόαμα
1129 2734 1162 2802 δ’
1186 2729 1254 2802 οἵτ’

81 2833 134 2924 ἦν’
148 2833 220 2905 οὔτ’
243 2839 446 2925 έπεζητελτο·
472 2837 688 2923 ἐπαιδαγώγει
712 2839 772 2926 γὰρ
797 2835 894 2913 αὐτὸς
918 2835 1029 2926 ὁμιλίᾳ
1052 2840 1113 2906 τὸν
1135 2835 1253 2916 πότον,

82 2939 126 3004 τᾶ
142 2947 204 3024 μὲν
221 2941 351 3029 ἐρωτῶν
366 2941 410 3006 τά
427 2940 463 3007 δὲ
480 2939 705 3026 διηγούμενος,
732 2935 809 3008 οὔτε
831 2941 891 3028 την
915 2942 1064 3030 σπουδὴν
1087 2938 1168 3028 ἀηδῆ
1187 2945 1255 3006 τῶν

82 3039 190 3124 λόγων
205 3040 264 3128 τήν
280 3067 317 3109 τε
333 3043 473 3109 παιδιὰν
489 3043 644 3132 ἐπίχαριν
659 3050 714 3109 καλ
732 3039 907 3110 ἀσόλοικον
920 3042 1073 3124 έχόντων.
1095 3080 1129 3095 -
1157 3048 1254 3128 τεθη-

84 3148 267 3231 ρεομένοος.
321 3145 485 3211 Admonet
515 3147 699 3234 Schweigh.
731 3145 961 3233 Xenophontel
996 3149 1107 3234 θηρᾷν
1141 3147 1255 3231 φίλους

83 3246 186 3312 Mem.
210 3247 285 3326 111,
315 3257 371 3314 11.
398 3256 431 3315 7.
459 3255 492 3314 9·
512 3247 556 3312 cl.
582 3249 637 3328 Il,
658 3255 691 3316 6.
719 3255 778 3315 28.
804 3255 864 3315 29.
910 3247 996 3312 Plat.
1023 3247 1065 3314 de
1091 3247 1156 3334 leg.
1175 3247 1255 3326 VII,
1283 3275 1284 3279 ¹

83 3371 117 3436 p.
137 3353 211 3416 823
230 3347 344 3434 Steph.
372 3373 404 3435 p.
424 3357 484 3417 70.
504 3355 564 3416 20.
589 3349 696 3416 Behk.
738 3347 806 3415 Sed
828 3349 913 3414 idem
937 3349 1035 3416 hahet
1057 3348 1256 3414 Plutarchus

84 3449 106 3514 l.
133 3449 155 3514 l.
184 3447 222 3523 ἀς
243 3449 388 3540 μὲνγὰρ
412 3449 448 3517 οἱ
467 3452 579 3516 λοιποὶ
601 3455 669 3518 τῶν
690 3453 854 3536 βασιλέων
875 3451 932 3518 ἐπὶ
956 3452 1032 3527 τοδς
1056 3447 1256 3540 ἀνθρώπους

82 3548 190 3640 θήρας
214 3551 388 3620 έποιοόντο
413 3551 557 3644 χρήμασι
581 3563 645 3621 etc.
777 3597 780 3602 -

524 3737 608 3798 mu.
633 3739 813 3796 xxvlu.

152 3854 272 3922 Athen.
290 3857 352 3938 Vl,
378 3880 410 3944 p.
431 3860 519 3939 451,
537 3859 577 3925 C.
609 3854 665 3924 Ἐν
682 3859 719 3924 δὲ
734 3863 774 3952 τῇ
791 3853 886 3951 ἀγδόη
904 3863 959 3922 καὶ
976 3858 1104 3953 εἰκοστῇ
1122 3853 1141 3923 ὃ
1158 3851 1255 3930 acleus

88 3954 260 4045 Φύλαρχος
281 3955 469 4042 Ἀντιγόνοο
492 3964 553 4026 τοῦ
576 3962 751 4047 κληθέντος
771 3955 991 4048 Ἐπιτρόπου,
1017 3965 1077 4026 τοῦ
1095 3957 1170 4032 τοῦς
1185 3960 1255 4024 Λοι-

82 4059 308 4144 κεδαιμονίοος
325 4059 472 4141 ἑλόντος,
497 4060 621 4129 κόλακα
645 4067 803 4144 γενέσθαι
824 4058 1057 4150 Ἀπολλοφάνη
1081 4061 1169 4140 τινὰ,
1195 4060 1256 4126 τὸν

82 4159 223 4230 εἰπόντα
265 4163 326 4250 την
364 4161 553 4248 Ἀντιγόνου
594 4162 695 4252 τόχην
737 4161 985 4255 ἀλεξανδρίζειν.
1045 4164 1122 4233 vid.
1156 4185 1255 4250 supra

83 4263 222 4353 Proleg.
