2950 5060
80 579 337 672 propenderent,
354 588 424 646 tum
441 579 601 666 proficisci
618 579 766 647 solebant
781 603 800 646 a
817 581 971 670 mythicis
982 581 1248 670 comportarem,

80 696 151 754 tum
169 683 295 752 occasio
312 680 367 748 ubi
385 680 460 748 data
475 691 576 763 esset,
593 673 641 748 ad
652 705 693 748 ea
710 705 893 750 recurrere.
904 685 928 737 ⁴>
961 684 1017 751 Sic
1031 685 1174 772 epitome
1190 683 1247 752 illa

33 793 40 802 '
80 787 225 874 mythico
241 792 341 874 caput
353 781 494 871 intelligi
510 784 610 870 possit
624 785 883 872 mythologicum
894 809 916 853 a
930 785 1063 853 condito
1077 787 1169 854 Joris
1180 787 1248 854 sire

78 887 216 956 deorum
234 883 463 973 Olympiorum
481 905 588 973 regno
605 885 734 952 initum.

148 989 215 1056 His
239 991 265 1053 si
282 986 456 1067 addimus,
486 986 576 1074 quod
598 1000 730 1075 praeter
752 989 942 1076 ampliorem
966 989 1055 1056 illam
1080 988 1247 1056 historiam

81 1113 146 1156 non
164 1099 213 1158 est
230 1113 250 1158 e
268 1087 448 1178 Phylarchi
464 1087 573 1170 libris,
599 1089 654 1176 qui
674 1089 825 1156 feruntur
847 1090 934 1177 apud
952 1091 1087 1158 Suidarn
1097 1137 1107 1172 ,
1133 1093 1190 1179 qui
1207 1092 1248 1158 ab

79 1193 145 1258 alio
166 1191 233 1258 ullo
251 1192 413 1278 scriptore
434 1201 653 1272 memoretur,
686 1213 883 1278 quamquam
907 1192 1070 1276 locorum,
1102 1193 1157 1281 qui
1179 1215 1248 1259 ser-

79 1294 146 1360 vati
169 1303 245 1360 suut
267 1315 309 1359 ex
334 1313 392 1371 eo,
425 1292 519 1360 multi
543 1315 622 1360 sane
643 1289 804 1380 ejusmodi
827 1303 922 1376 sunt,
950 1305 986 1360 ut
1008 1319 1049 1362 en
1070 1295 1249 1362 minoribus

80 1395 189 1482 potius
212 1391 283 1481 ejus
306 1393 435 1479 scriptis
459 1392 608 1462 desumto
634 1393 824 1476 videantur,
863 1419 925 1462 non
951 1397 1086 1464 nimium
1112 1396 1249 1462 fortasse

78 1497 302 1564 aberrabimus
325 1519 344 1561 e
368 1512 464 1576 nero,
494 1495 521 1562 si
539 1496 673 1562 Suidaur
692 1507 750 1563 ant
767 1519 898 1585 quoquo
914 1497 968 1563 hic
985 1498 1075 1566 tonte
1092 1519 1170 1564 usus
1186 1507 1248 1578 est,

78 1608 262 1664 statuamus
277 1596 392 1664 eadem
412 1595 538 1664 ratione
554 1599 739 1686 singulares
754 1599 909 1686 quasdam
925 1609 1034 1687 partes
1046 1599 1154 1687 operis
1168 1621 1248 1664 enu-

79 1721 235 1779 merasse,
258 1719 323 1785 qua
342 1719 397 1764 res
412 1695 602 1766 referendas
617 1723 688 1766 esee
703 1701 840 1786 putarit,
857 1723 941 1788 quae
955 1701 1083 1768 initium
1098 1724 1136 1766 ae
1150 1702 1248 1768 finem

78 1801 275 1868 effecissent.
310 1800 400 1865 Hiuc
417 1798 530 1890 colligi
547 1801 642 1868 simul
662 1801 810 1883 videtur,
835 1802 914 1889 quid
929 1801 971 1869 de
985 1803 1047 1868 iliis
1064 1802 1248 1869 iaciendum

78 1903 122 1968 sit
145 1901 236 1969 libris
257 1897 517 1988 παρεμβάσεων,
556 1925 640 1990 quae
669 1903 766 1969 lectio
796 1904 967 1970 manifesto
996 1929 1032 1972 se
1060 1914 1249 1992 corruptam

80 2002 200 2090 prodit.
252 2001 469 2070 Scribecdum
487 2026 558 2070 esse
575 2005 721 2092 suspicor
744 2013 822 2092 περὶ
839 2003 1030 2094 εὑρημάτων
1045 2011 1250 2096 παρέκβασιν

78 2106 188 2190 βιβλίῳ
208 2102 244 2172 θ’
259 2104 338 2186 „de
355 2105 494 2170 inventis
510 2103 746 2194 digressionem
766 2106 849 2174 libro
868 2114 987 2174 nono“.

149 2206 354 2294 Phylarchus
368 2207 494 2292 pariter
508 2217 607 2293 atque
620 2207 845 2288 (innodemus,
868 2210 1012 2298 Diyllus,
1034 2210 1251 2278 Philochorus

79 2334 99 2376 a
114 2307 293 2376 Plutarcho
305 2307 452 2395 (bellone
466 2329 507 2372 an
523 2331 602 2395 pace
616 2309 773 2376 clariores
789 2311 906 2378 Athen.
925 2312 1047 2378 luerint
1064 2337 1095 2402 p.
1105 2312 1250 2400 elau)

13 2487 16 2494 1
78 2409 122 2476 ad
147 2433 203 2476 cos
227 2410 371 2478 refertur
396 2409 583 2492 historicos,
622 2413 678 2500 qui
709 2407 891 2502 ἀλλοτρίων
919 2411 1092 2498 γεγόνασιν
1120 2412 1252 2504 ἐρώτων

80 2509 193 2600 ὥσπερ
219 2509 399 2601 δραμάτων
419 2506 612 2600 ὑποκριταί,
643 2515 703 2588 τὰς
719 2519 787 2580 τοῖν
806 2523 996 2604 στρατηγῶν
1018 2525 1072 2584 καί
1088 2518 1252 2603 βασιλέοιν

79 2611 213 2702 πράξαις
242 2615 468 2696 διατιθέμενοι
498 2621 656 2690 καὶτοῖς
685 2616 818 2684 ἐκείνων
849 2615 1069 2702 ὑποδυόμενοι
1099 2617 1251 2705 μνήμαις,

50 2755 52 2758 -
76 2719 136 2782 ‘lca
159 2712 203 2790 ὦς
227 2712 322 2802 αὖγῆς
345 2741 434 2791 τινος
455 2723 511 2782 ναὶ
538 2717 648 2801 φωτὸς
666 2716 886 2800 μετάσχωσιν.
931 2721 1075 2786 Gerebat
1092 2721 1195 2808 igltur
1213 2721 1253 2786 iis

79 2817 222 2884 historici
243 2819 434 2900 virtutibus,
459 2819 578 2905 quihus
602 2841 658 2884 eos
680 2830 827 2900 tantum,
853 2822 908 2908 qui
934 2823 1031 2888 rebus
1053 2821 1113 2910 ipsi
1131 2844 1252 2909 geren-

79 2919 129 2987 dis
154 2918 383 3001 interfuerint,
423 2919 589 3008 praeditos
613 2943 702 3000 esse,
743 2923 863 3010 insigni
886 2923 1027 3010 quodam
1053 2924 1124 2990 loco
1149 2923 1253 3011 Poly·

79 3022 152 3086 bius
169 3021 263 3088 dixit.
308 3021 407 3088 Plato
425 3023 510 3090 enim
532 3031 568 3086 ut
587 3043 641 3087 res
659 3023 816 3089 humanas
833 3035 902 3090 tom
921 3036 1048 3091 tentum
1065 3027 1147 3093 bene
1162 3023 1252 3112 judi·

78 3117 204 3190 c'arerit
220 3122 460 3203 administrari,
494 3145 594 3212 quum
613 3134 671 3190 aut
689 3135 831 3212 regnent
849 3126 1047 3214 philosophi,
1079 3139 1137 3194 aut
1156 3148 1253 3214 reges

79 3223 366 3312 philosophentur,
388 3227 433 3292 ita
451 3223 618 3292 historiam
638 3228 765 3292 nonnisi
783 3227 918 3313 pulchre
936 3227 1053 3309 scribi,
1080 3227 1163 3296 ὅταν
1182 3225 1204 3315 ἢ
1221 3224 1257 3294 οἱ

78 3335 298 3413 πραγματικαὶ
315 3332 383 3392 τῶν
400 3323 530 3414 ἀνδρῶν
546 3325 687 3415 γράφειν
703 3328 893 3416 ἐπιχειρῶσι
917 3329 976 3404 τὰς
992 3328 1157 3418 ἱστορίας,
1183 3326 1204 3417 ἢ
1221 3327 1256 3396 οἱ
1337 3329 1342 3344 “

78 3425 218 3516 γράφειν
241 3425 491 3512 ἐπιβαλλόμενοι
515 3429 575 3518 τῆν
597 3429 633 3508 ἐξ
649 3425 760 3498 αὐτῶν
775 3434 843 3496 τῶν
854 3429 1058 3521 πραγμάτων
1072 3435 1142 3511 ἕξιν
1154 3428 1252 3514 ἆναγ-

77 3534 177 3596 κονίαν
200 3525 387 3618 ἧγῇσωνται
409 3529 493 3620 πρὸς
515 3532 576 3620 τὴν
597 3530 749 3619 ἱστορίαν
779 3533 885 3616 (Xll,
910 3542 972 3614 28,
991 3535 1050 3621 3).
1093 3532 1192 3608 Quod
1215 3544 1253 3600 ut

77 3630 295 3700 concedemus
313 3633 359 3700 ita
379 3655 490 3700 rerum
509 3657 599 3718 esse,
622 3643 663 3702 ut
681 3633 1032 3724 neqoe'Thucydides,
1059 3657 1165 3724 neque
1183 3635 1253 3700 Xe·

78 3731 229 3820 nophon,
256 3755 362 3822 neque
380 3735 448 3823 ipse
465 3734 610 3822 denique
628 3734 806 3823 Polybius,
831 3736 902 3803 sine
928 3735 1003 3818 illo,
1028 3759 1094 3823 quo
1119 3737 1253 3804 luerunt

6 3871 7 3874 π
77 3833 110 3900 in
129 3834 284 3922 gerendis
303 3838 419 3917 rebus,
457 3860 516 3904 usu
534 3836 674 3903 eandem
694 3838 726 3902 in
746 3837 917 3904 narrandis
935 3837 974 3903 iis
991 3848 1096 3904 artem
1115 3839 1252 3925 praesti-

77 3936 211 4017 tissent,
247 3936 424 4027 Phylarchi
451 3949 562 4006 tamen
587 3938 663 4006 inde
689 3961 753 4004 non
782 3939 887 4027 magis
912 3962 1009 4028 quam
1036 3940 1252 4028 plurimorum

78 4115 384 4128 -ψ

141 4183 199 4255 ab)
220 4187 318 4263 Heyne
338 4184 476 4266 Apollod.
499 4191 584 4249 Tem.
602 4191 627 4251 Ι.
649 4211 679 4268 p.
697 4191 825 4250 XXXV.

6 4343 9 4360 ‚
141 4277 173 4355 4)
196 4287 285 4345 Valde
299 4301 469 4370 conquestus
484 4301 523 4348 est
538 4291 571 4348 de
587 4289 645 4350 hoc
659 4313 735 4349 more
750 4289 901 4368 Polybius,
923 4288 1063 4349 historicis
1077 4311 1141 4348 suae
1155 4290 1252 4349 aetatis

76 4369 196 4512 raimingus
218 4370 294 4430 istud
310 4393 399 4434 rerum
417 4372 607 4451 mythicemm
631 4375 879 4456 (genealogiarum)
897 4374 1022 4434 studium
1037 4375 1104 4458 pluo
1117 4396 1173 4434 uno
1186 4374 1252 4433 loco

75 4473 162 4530 expio
183 4475 254 4514 reru.
