<?xml version="1.0" encoding="UTF-8"?>
<!DOCTYPE html PUBLIC "-//W3C//DTD XHTML 1.0 Transitional//EN"
    "http://www.w3.org/TR/xhtml1/DTD/xhtml1-transitional.dtd">
<html xmlns="http://www.w3.org/1999/xhtml" xml:lang="en" lang="en">
 <head>
  <title>
</title>
<meta http-equiv="Content-Type" content="text/html;charset=utf-8" />
  <meta name='ocr-system' content='tesseract 3.04.00' />
  <meta name='ocr-capabilities' content='ocr_page ocr_carea ocr_par ocr_line ocrx_word'/>
</head>
<body>
  <div class='ocr_page' id='page_1' title='image "./historiarumreli00phylgoog_0043.png"; bbox 0 0 2950 5060; ppageno 0'>
   <div class='ocr_carea' id='block_1_1' title="bbox 234 599 1462 1210">
    <p class='ocr_par' dir='ltr' id='par_1_1' title="bbox 234 599 1462 1210">
     <span class='ocr_line' id='line_1_1' title="bbox 235 599 1403 690; baseline 0 -18"><span class='ocrx_word' id='word_1_1' title='bbox 235 605 339 682; x_wconf 86' lang='grc' dir='ltr'><strong><em>κότες·</em></strong></span> <span class='ocrx_word' id='word_1_2' title='bbox 367 607 439 674; x_wconf 77' lang='grc' dir='ltr'><strong><em>ελνα</em></strong></span> <span class='ocrx_word' id='word_1_3' title='bbox 462 608 574 688; x_wconf 87' lang='grc' dir='ltr'><strong><em>μέντοι</em></strong></span> <span class='ocrx_word' id='word_1_4' title='bbox 598 599 812 690; x_wconf 75' lang='grc' dir='ltr'><strong><em>κροτήσαντες</em></strong></span> <span class='ocrx_word' id='word_1_5' title='bbox 832 601 934 669; x_wconf 75' lang='grc' dir='ltr'><strong><em>οἷονεί</em></strong></span> <span class='ocrx_word' id='word_1_6' title='bbox 955 601 1153 688; x_wconf 74' lang='grc' dir='ltr'><strong><em>δαιτυμόνας</em></strong></span> <span class='ocrx_word' id='word_1_7' title='bbox 1169 607 1324 674; x_wconf 87' lang='grc' dir='ltr'><strong><em>καλυύσι·</em></strong></span> <span class='ocrx_word' id='word_1_8' title='bbox 1347 615 1403 672; x_wconf 75' lang='grc' dir='ltr'><strong><em>καὶ</em></strong></span> 
     </span>
     <span class='ocr_line' id='line_1_2' title="bbox 234 699 1403 795; baseline -0.001 -20"><span class='ocrx_word' id='word_1_9' title='bbox 234 710 355 776; x_wconf 79' lang='grc' dir='ltr'><strong><em>ἐκεῖναι</em></strong></span> <span class='ocrx_word' id='word_1_10' title='bbox 380 705 554 794; x_wconf 86' lang='grc' dir='ltr'><strong><em>ῶσπερούν</em></strong></span> <span class='ocrx_word' id='word_1_11' title='bbox 574 699 642 771; x_wconf 89' lang='grc' dir='ltr'><strong><em>ύπδ</em></strong></span> <span class='ocrx_word' id='word_1_12' title='bbox 669 701 857 790; x_wconf 70' lang='grc' dir='ltr'><strong><em>συνθήματι</em></strong></span> <span class='ocrx_word' id='word_1_13' title='bbox 880 707 1120 793; x_wconf 82' lang='grc' dir='ltr'><strong><em>παραγίνονται</em></strong></span> <span class='ocrx_word' id='word_1_14' title='bbox 1127 755 1139 785; x_wconf 86' lang='grc'><strong><em>,</em></strong></span> <span class='ocrx_word' id='word_1_15' title='bbox 1166 713 1221 773; x_wconf 80' lang='grc' dir='ltr'><strong><em>καῖ</em></strong></span> <span class='ocrx_word' id='word_1_16' title='bbox 1247 703 1327 795; x_wconf 80' lang='grc' dir='ltr'><strong><em>άλλη</em></strong></span> <span class='ocrx_word' id='word_1_17' title='bbox 1345 705 1403 773; x_wconf 87' lang='grc' dir='ltr'><strong><em>ἀλ-</em></strong></span> 
     </span>
     <span class='ocr_line' id='line_1_3' title="bbox 234 805 1461 898; baseline -0.001 -20"><span class='ocrx_word' id='word_1_18' title='bbox 234 809 381 893; x_wconf 87' lang='grc' dir='ltr'><strong><em>λαχόθεν</em></strong></span> <span class='ocrx_word' id='word_1_19' title='bbox 396 809 541 897; x_wconf 76' lang='grc' dir='ltr'><strong><em>δξέρπει·</em></strong></span> <span class='ocrx_word' id='word_1_20' title='bbox 563 814 617 872; x_wconf 81' lang='grc' dir='ltr'><strong><em>καῖ</em></strong></span> <span class='ocrx_word' id='word_1_21' title='bbox 634 811 836 894; x_wconf 78' lang='grc' dir='ltr'><strong><em>περιστᾶσαι</em></strong></span> <span class='ocrx_word' id='word_1_22' title='bbox 852 806 912 892; x_wconf 81' lang='grc' dir='ltr'><strong><em>τήν</em></strong></span> <span class='ocrx_word' id='word_1_23' title='bbox 928 805 1107 894; x_wconf 80' lang='grc' dir='ltr'><strong><em>τράπεζαν,</em></strong></span> <span class='ocrx_word' id='word_1_24' title='bbox 1130 809 1190 894; x_wconf 83' lang='grc' dir='ltr'><strong><em>τήν</em></strong></span> <span class='ocrx_word' id='word_1_25' title='bbox 1205 815 1267 893; x_wconf 76' lang='grc' dir='ltr'><strong><em>μὲν</em></strong></span> <span class='ocrx_word' id='word_1_26' title='bbox 1282 811 1404 898; x_wconf 78' lang='grc' dir='ltr'><strong><em>λοιπήν</em></strong></span> <span class='ocrx_word' id='word_1_27' title='bbox 1460 805 1461 810; x_wconf 49' lang='grc'>’</span> 
     </span>
     <span class='ocr_line' id='line_1_4' title="bbox 235 905 1403 1002; baseline -0.001 -22"><span class='ocrx_word' id='word_1_28' title='bbox 235 923 378 1000; x_wconf 81' lang='grc' dir='ltr'><strong><em>σπεῖραν</em></strong></span> <span class='ocrx_word' id='word_1_29' title='bbox 394 912 473 977; x_wconf 78' lang='grc' dir='ltr'><strong><em>ἐῶσι</em></strong></span> <span class='ocrx_word' id='word_1_30' title='bbox 495 910 579 976; x_wconf 87' lang='grc' dir='ltr'><strong><em>κατά</em></strong></span> <span class='ocrx_word' id='word_1_31' title='bbox 595 913 654 975; x_wconf 87' lang='grc' dir='ltr'><strong><em>τού</em></strong></span> <span class='ocrx_word' id='word_1_32' title='bbox 668 908 836 987; x_wconf 88' lang='grc' dir='ltr'><strong><em>δαπέδου,</em></strong></span> <span class='ocrx_word' id='word_1_33' title='bbox 863 905 988 996; x_wconf 86' lang='grc' dir='ltr'><strong><em>ἀρασαι</em></strong></span> <span class='ocrx_word' id='word_1_34' title='bbox 1013 910 1047 975; x_wconf 82' lang='grc' dir='ltr'><strong><em>δὲ</em></strong></span> <span class='ocrx_word' id='word_1_35' title='bbox 1066 909 1126 997; x_wconf 81' lang='grc' dir='ltr'><strong><em>τήν</em></strong></span> <span class='ocrx_word' id='word_1_36' title='bbox 1147 911 1295 998; x_wconf 83' lang='grc' dir='ltr'><strong><em>κεφαλήν</em></strong></span> <span class='ocrx_word' id='word_1_37' title='bbox 1310 937 1403 1002; x_wconf 91' lang='grc' dir='ltr'><strong><em>περι-</em></strong></span> 
     </span>
     <span class='ocr_line' id='line_1_5' title="bbox 234 1006 1404 1101; baseline -0.001 -20"><span class='ocrx_word' id='word_1_38' title='bbox 234 1017 412 1099; x_wconf 89' lang='grc' dir='ltr'><strong><em>λιχμῶνται</em></strong></span> <span class='ocrx_word' id='word_1_39' title='bbox 434 1019 488 1077; x_wconf 80' lang='grc' dir='ltr'><strong><em>καὶ</em></strong></span> <span class='ocrx_word' id='word_1_40' title='bbox 511 1009 614 1099; x_wconf 81' lang='grc' dir='ltr'><strong><em>ήσυχή</em></strong></span> <span class='ocrx_word' id='word_1_41' title='bbox 636 1017 691 1076; x_wconf 82' lang='grc' dir='ltr'><strong><em>καῖ</em></strong></span> <span class='ocrx_word' id='word_1_42' title='bbox 713 1006 782 1076; x_wconf 81' lang='grc' dir='ltr'><strong><em>κατ’</em></strong></span> <span class='ocrx_word' id='word_1_43' title='bbox 801 1007 911 1093; x_wconf 89' lang='grc' dir='ltr'><strong><em>δλίχον</em></strong></span> <span class='ocrx_word' id='word_1_44' title='bbox 927 1011 1153 1095; x_wconf 77' lang='grc' dir='ltr'><strong><em>ἐμπίπλανται</em></strong></span> <span class='ocrx_word' id='word_1_45' title='bbox 1169 1017 1237 1080; x_wconf 88' lang='grc' dir='ltr'><strong><em>τῶν</em></strong></span> <span class='ocrx_word' id='word_1_46' title='bbox 1253 1011 1404 1101; x_wconf 89' lang='grc' dir='ltr'><strong><em>ἀλφίτων</em></strong></span> 
     </span>
     <span class='ocr_line' id='line_1_6' title="bbox 234 1109 1462 1210; baseline 0 -28"><span class='ocrx_word' id='word_1_47' title='bbox 234 1125 289 1182; x_wconf 83' lang='grc' dir='ltr'><strong><em>καῖ</em></strong></span> <span class='ocrx_word' id='word_1_48' title='bbox 305 1116 601 1182; x_wconf 78' lang='grc' dir='ltr'><strong><em>καταναλίσκουσιν</em></strong></span> <span class='ocrx_word' id='word_1_49' title='bbox 617 1109 711 1179; x_wconf 84' lang='grc' dir='ltr'><strong><em>αύτά.</em></strong></span> <span class='ocrx_word' id='word_1_50' title='bbox 748 1110 886 1200; x_wconf 81' lang='grc' dir='ltr'><strong><em>Νύκτωρ</em></strong></span> <span class='ocrx_word' id='word_1_51' title='bbox 905 1113 941 1178; x_wconf 77' lang='grc' dir='ltr'><strong><em>δὲ</em></strong></span> <span class='ocrx_word' id='word_1_52' title='bbox 958 1114 1019 1179; x_wconf 84' lang='grc' dir='ltr'><strong><em>έάν</em></strong></span> <span class='ocrx_word' id='word_1_53' title='bbox 1035 1114 1147 1206; x_wconf 84' lang='grc' dir='ltr'><strong><em>έπείχη</em></strong></span> <span class='ocrx_word' id='word_1_54' title='bbox 1164 1139 1196 1178; x_wconf 93' lang='grc' dir='ltr'><strong><em>τι</em></strong></span> <span class='ocrx_word' id='word_1_55' title='bbox 1213 1116 1288 1190; x_wconf 80' lang='grc' dir='ltr'><strong><em>τοῦς</em></strong></span> <span class='ocrx_word' id='word_1_56' title='bbox 1304 1118 1403 1198; x_wconf 86' lang='grc' dir='ltr'><strong><em>Λλχυ·</em></strong></span> <span class='ocrx_word' id='word_1_57' title='bbox 1461 1203 1462 1210; x_wconf 14' lang='lat'>¹</span> 
     </span>
    </p>
   </div>
   <div class='ocr_carea' id='block_1_2' title="bbox 115 1311 1464 4552">
    <p class='ocr_par' dir='ltr' id='par_1_2' title="bbox 233 1311 1405 2123">
     <span class='ocr_line' id='line_1_7' title="bbox 235 1311 1403 1406; baseline -0.001 -20"><span class='ocrx_word' id='word_1_58' title='bbox 235 1326 323 1388; x_wconf 87' lang='grc' dir='ltr'><strong><em>σθαί</em></strong></span> <span class='ocrx_word' id='word_1_59' title='bbox 342 1344 379 1385; x_wconf 89' lang='grc' dir='ltr'><strong><em>τε</em></strong></span> <span class='ocrx_word' id='word_1_60' title='bbox 403 1315 504 1392; x_wconf 83' lang='grc' dir='ltr'><strong><em>αύτδις</em></strong></span> <span class='ocrx_word' id='word_1_61' title='bbox 527 1326 581 1384; x_wconf 81' lang='grc' dir='ltr'><strong><em>καλ</em></strong></span> <span class='ocrx_word' id='word_1_62' title='bbox 608 1314 807 1403; x_wconf 78' lang='grc' dir='ltr'><strong><em>ἀναχωρεῖν·</em></strong></span> <span class='ocrx_word' id='word_1_63' title='bbox 835 1311 952 1382; x_wconf 87' lang='grc' dir='ltr'><strong><em>ούκούν</em></strong></span> <span class='ocrx_word' id='word_1_64' title='bbox 969 1322 1102 1383; x_wconf 82' lang='grc' dir='ltr'><strong><em>συνιᾶσι</em></strong></span> <span class='ocrx_word' id='word_1_65' title='bbox 1126 1325 1181 1383; x_wconf 77' lang='grc' dir='ltr'><strong><em>καὶ</em></strong></span> <span class='ocrx_word' id='word_1_66' title='bbox 1205 1318 1325 1384; x_wconf 79' lang='grc' dir='ltr'><strong><em>ἐκεῖναι</em></strong></span> <span class='ocrx_word' id='word_1_67' title='bbox 1341 1319 1403 1406; x_wconf 82' lang='grc' dir='ltr'><strong><em>τήν</em></strong></span> 
     </span>
     <span class='ocr_line' id='line_1_8' title="bbox 234 1415 1403 1509; baseline -0.005 -19"><span class='ocrx_word' id='word_1_68' title='bbox 234 1429 293 1490; x_wconf 89' lang='grc' dir='ltr'><strong><em>τού</em></strong></span> <span class='ocrx_word' id='word_1_69' title='bbox 309 1421 433 1489; x_wconf 88' lang='grc' dir='ltr'><strong><em>κτύπου</em></strong></span> <span class='ocrx_word' id='word_1_70' title='bbox 451 1421 617 1508; x_wconf 80' lang='grc' dir='ltr'><strong><em>διαφορὰν</em></strong></span> <span class='ocrx_word' id='word_1_71' title='bbox 633 1426 687 1484; x_wconf 83' lang='grc' dir='ltr'><strong><em>καῖ</em></strong></span> <span class='ocrx_word' id='word_1_72' title='bbox 704 1415 756 1505; x_wconf 75' lang='grc' dir='ltr'><strong><em>ἐφ’</em></strong></span> <span class='ocrx_word' id='word_1_73' title='bbox 772 1416 836 1505; x_wconf 83' lang='grc' dir='ltr'><strong><em>ὅτῳ</em></strong></span> <span class='ocrx_word' id='word_1_74' title='bbox 851 1423 948 1485; x_wconf 87' lang='grc' dir='ltr'><strong><em>τούτο</em></strong></span> <span class='ocrx_word' id='word_1_75' title='bbox 962 1420 1079 1508; x_wconf 79' lang='grc' dir='ltr'><strong><em>δρᾶται</em></strong></span> <span class='ocrx_word' id='word_1_76' title='bbox 1085 1469 1098 1498; x_wconf 95' lang='grc'><strong><em>,</em></strong></span> <span class='ocrx_word' id='word_1_77' title='bbox 1130 1427 1184 1485; x_wconf 79' lang='grc' dir='ltr'><strong><em>καί</em></strong></span> <span class='ocrx_word' id='word_1_78' title='bbox 1201 1425 1403 1509; x_wconf 71' lang='grc' dir='ltr'><strong><em>παραχρῆμα</em></strong></span> 
     </span>
     <span class='ocr_line' id='line_1_9' title="bbox 235 1518 1405 1610; baseline -0.002 -19"><span class='ocrx_word' id='word_1_79' title='bbox 235 1522 492 1592; x_wconf 80' lang='grc' dir='ltr'><strong><em>’ἀναστέλλονται</em></strong></span> <span class='ocrx_word' id='word_1_80' title='bbox 512 1531 566 1588; x_wconf 77' lang='grc' dir='ltr'><strong><em>καὶ</em></strong></span> <span class='ocrx_word' id='word_1_81' title='bbox 584 1518 800 1608; x_wconf 73' lang='grc' dir='ltr'><strong><em>ἀφανίζονται</em></strong></span> <span class='ocrx_word' id='word_1_82' title='bbox 815 1522 859 1594; x_wconf 86' lang='grc' dir='ltr'><strong><em>είς</em></strong></span> <span class='ocrx_word' id='word_1_83' title='bbox 871 1521 946 1595; x_wconf 83' lang='grc' dir='ltr'><strong><em>τούς</em></strong></span> <span class='ocrx_word' id='word_1_84' title='bbox 961 1519 1124 1610; x_wconf 87' lang='grc' dir='ltr'><strong><em>χηραμούς</em></strong></span> <span class='ocrx_word' id='word_1_85' title='bbox 1137 1546 1174 1588; x_wconf 88' lang='grc' dir='ltr'><strong><em>τε</em></strong></span> <span class='ocrx_word' id='word_1_86' title='bbox 1187 1529 1242 1587; x_wconf 83' lang='grc' dir='ltr'><strong><em>καῖ</em></strong></span> <span class='ocrx_word' id='word_1_87' title='bbox 1256 1524 1405 1608; x_wconf 78' lang='grc' dir='ltr'><strong><em>φωλεούς</em></strong></span> 
     </span>
     <span class='ocr_line' id='line_1_10' title="bbox 235 1618 1404 1716; baseline -0.003 -22"><span class='ocrx_word' id='word_1_88' title='bbox 235 1632 413 1716; x_wconf 77' lang='grc' dir='ltr'><strong><em>ἕρπουσαι·</em></strong></span> <span class='ocrx_word' id='word_1_89' title='bbox 439 1621 456 1691; x_wconf 85' lang='grc' dir='ltr'><strong><em>ό</em></strong></span> <span class='ocrx_word' id='word_1_90' title='bbox 481 1630 560 1708; x_wconf 79' lang='grc' dir='ltr'><strong><em>γοῦν</em></strong></span> <span class='ocrx_word' id='word_1_91' title='bbox 584 1620 799 1706; x_wconf 73' lang='grc' dir='ltr'><strong><em>ἀνιστάμενος</em></strong></span> <span class='ocrx_word' id='word_1_92' title='bbox 823 1618 898 1690; x_wconf 84' lang='grc' dir='ltr'><strong><em>τότε</em></strong></span> <span class='ocrx_word' id='word_1_93' title='bbox 921 1624 1066 1708; x_wconf 77' lang='grc' dir='ltr'><strong><em>ἐμβαίνει</em></strong></span> <span class='ocrx_word' id='word_1_94' title='bbox 1090 1632 1155 1690; x_wconf 75' lang='grc' dir='ltr'><strong><em>τινὶ</em></strong></span> <span class='ocrx_word' id='word_1_95' title='bbox 1172 1620 1298 1704; x_wconf 88' lang='grc' dir='ltr'><strong><em>αύτῶν,</em></strong></span> <span class='ocrx_word' id='word_1_96' title='bbox 1325 1619 1404 1692; x_wconf 84' lang='grc' dir='ltr'><strong><em>ούτε</em></strong></span> 
     </span>
     <span class='ocr_line' id='line_1_11' title="bbox 234 1722 1402 1817; baseline -0.003 -22"><span class='ocrx_word' id='word_1_97' title='bbox 234 1734 438 1817; x_wconf 86' lang='grc' dir='ltr'><strong><em>περιπίπτει.</em></strong></span> <span class='ocrx_word' id='word_1_98' title='bbox 465 1737 514 1778; x_wconf 82' lang='grc'><strong><em>’-</em></strong></span> <span class='ocrx_word' id='word_1_99' title='bbox 542 1750 570 1793; x_wconf 85' lang='lat' dir='ltr'><strong><em>c.</em></strong></span> <span class='ocrx_word' id='word_1_100' title='bbox 589 1735 622 1794; x_wconf 84' lang='lat'><strong><em>6.</em></strong></span> <span class='ocrx_word' id='word_1_101' title='bbox 650 1722 694 1790; x_wconf 90' lang='lat' dir='ltr'><strong><em>‘O</em></strong></span> <span class='ocrx_word' id='word_1_102' title='bbox 710 1722 910 1813; x_wconf 76' lang='grc' dir='ltr'><strong><em>κροκόδειλος</em></strong></span> <span class='ocrx_word' id='word_1_103' title='bbox 927 1732 1049 1808; x_wconf 79' lang='grc' dir='ltr'><strong><em>γίνεται</em></strong></span> <span class='ocrx_word' id='word_1_104' title='bbox 1066 1725 1218 1812; x_wconf 76' lang='grc' dir='ltr'><strong><em>μήκιστος</em></strong></span> <span class='ocrx_word' id='word_1_105' title='bbox 1234 1725 1402 1801; x_wconf 77' lang='grc' dir='ltr'><strong><em>πολλάκις·</em></strong></span> 
     </span>
     <span class='ocr_line' id='line_1_12' title="bbox 234 1829 1403 1920; baseline -0.003 -22"><span class='ocrx_word' id='word_1_106' title='bbox 234 1833 290 1898; x_wconf 76' lang='grc' dir='ltr'><strong><em>ἐπὶ</em></strong></span> <span class='ocrx_word' id='word_1_107' title='bbox 314 1837 393 1914; x_wconf 82' lang='grc' dir='ltr'><strong><em>χοῦν</em></strong></span> <span class='ocrx_word' id='word_1_108' title='bbox 413 1830 621 1913; x_wconf 76' lang='grc' dir='ltr'><strong><em>Ψαμμιτίχου</em></strong></span> <span class='ocrx_word' id='word_1_109' title='bbox 644 1832 704 1893; x_wconf 86' lang='grc' dir='ltr'><strong><em>τού</em></strong></span> <span class='ocrx_word' id='word_1_110' title='bbox 720 1829 910 1910; x_wconf 73' lang='grc' dir='ltr'><strong><em>Αἰγυπτίων</em></strong></span> <span class='ocrx_word' id='word_1_111' title='bbox 931 1831 1090 1912; x_wconf 77' lang='grc' dir='ltr'><strong><em>βασιλέως</em></strong></span> <span class='ocrx_word' id='word_1_112' title='bbox 1107 1834 1208 1896; x_wconf 80' lang='grc' dir='ltr'><strong><em>πέντε</em></strong></span> <span class='ocrx_word' id='word_1_113' title='bbox 1226 1836 1280 1920; x_wconf 80' lang='grc' dir='ltr'><strong><em>καί</em></strong></span> <span class='ocrx_word' id='word_1_114' title='bbox 1297 1831 1403 1895; x_wconf 78' lang='grc' dir='ltr'><strong><em>εἰκοσι</em></strong></span> 
     </span>
     <span class='ocr_line' id='line_1_13' title="bbox 233 1928 1404 2021; baseline -0.003 -21"><span class='ocrx_word' id='word_1_115' title='bbox 233 1940 347 2020; x_wconf 81' lang='grc' dir='ltr'><strong><em>πηχῶν</em></strong></span> <span class='ocrx_word' id='word_1_116' title='bbox 364 1929 568 2021; x_wconf 83' lang='grc' dir='ltr'><strong><em>κροκόδειλον</em></strong></span> <span class='ocrx_word' id='word_1_117' title='bbox 585 1933 735 2018; x_wconf 87' lang='grc' dir='ltr'><strong><em>φανήναί</em></strong></span> <span class='ocrx_word' id='word_1_118' title='bbox 750 1949 869 2015; x_wconf 90' lang='grc' dir='ltr'><strong><em>φησιν·</em></strong></span> <span class='ocrx_word' id='word_1_119' title='bbox 888 1929 945 1996; x_wconf 78' lang='grc' dir='ltr'><strong><em>ἐπὶ</em></strong></span> <span class='ocrx_word' id='word_1_120' title='bbox 963 1931 998 1996; x_wconf 78' lang='grc' dir='ltr'><strong><em>δὲ</em></strong></span> <span class='ocrx_word' id='word_1_121' title='bbox 1013 1928 1188 2014; x_wconf 84' lang='grc' dir='ltr'><strong><em>Ἀμάσιδος</em></strong></span> <span class='ocrx_word' id='word_1_122' title='bbox 1204 1933 1404 1998; x_wconf 83' lang='grc' dir='ltr'><strong><em>παλαιστῶν</em></strong></span> 
     </span>
     <span class='ocr_line' id='line_1_14' title="bbox 234 2035 850 2123; baseline -0.01 -21"><span class='ocrx_word' id='word_1_123' title='bbox 234 2035 399 2123; x_wconf 85' lang='grc' dir='ltr'><strong><em>τεττάρων</em></strong></span> <span class='ocrx_word' id='word_1_124' title='bbox 415 2041 469 2100; x_wconf 83' lang='grc' dir='ltr'><strong><em>καὶ</em></strong></span> <span class='ocrx_word' id='word_1_125' title='bbox 486 2037 600 2118; x_wconf 89' lang='grc' dir='ltr'><strong><em>πηχῶν</em></strong></span> <span class='ocrx_word' id='word_1_126' title='bbox 617 2036 650 2111; x_wconf 57' lang='lat' dir='ltr'><strong><em>b}</em></strong></span> <span class='ocrx_word' id='word_1_127' title='bbox 666 2039 720 2097; x_wconf 80' lang='grc' dir='ltr'><strong><em>καὶ</em></strong></span> <span class='ocrx_word' id='word_1_128' title='bbox 738 2035 850 2097; x_wconf 83' lang='grc' dir='ltr'><strong><em>είίιοσι.</em></strong></span> 
     </span>
    </p>

    <p class='ocr_par' dir='ltr' id='par_1_3' title="bbox 234 2133 1464 2427">
     <span class='ocr_line' id='line_1_15' title="bbox 305 2133 1464 2223; baseline -0.003 -20"><span class='ocrx_word' id='word_1_129' title='bbox 305 2137 508 2214; x_wconf 78' lang='lat' dir='ltr'><strong>„Historiam</strong></span> <span class='ocrx_word' id='word_1_130' title='bbox 523 2135 564 2200; x_wconf 86' lang='lat' dir='ltr'><strong><em>de</em></strong></span> <span class='ocrx_word' id='word_1_131' title='bbox 578 2133 691 2222; x_wconf 81' lang='lat' dir='ltr'>aspide</span> <span class='ocrx_word' id='word_1_132' title='bbox 705 2145 738 2200; x_wconf 86' lang='lat' dir='ltr'><strong><em>et</em></strong></span> <span class='ocrx_word' id='word_1_133' title='bbox 756 2134 925 2200; x_wconf 76' lang='lat' dir='ltr'><strong>nutritoris</strong></span> <span class='ocrx_word' id='word_1_134' title='bbox 943 2135 1010 2199; x_wconf 80' lang='lat' dir='ltr'><strong>filio</strong></span> <span class='ocrx_word' id='word_1_135' title='bbox 1026 2158 1066 2200; x_wconf 84' lang='lat' dir='ltr'><strong><em>ex</em></strong></span> <span class='ocrx_word' id='word_1_136' title='bbox 1081 2133 1195 2201; x_wconf 86' lang='lat' dir='ltr'><strong>eodem</strong></span> <span class='ocrx_word' id='word_1_137' title='bbox 1214 2134 1404 2223; x_wconf 78' lang='lat' dir='ltr'><strong>Phylarcho</strong></span> <span class='ocrx_word' id='word_1_138' title='bbox 1463 2147 1464 2160; x_wconf 64' lang='lat'>¹</span> 
     </span>
     <span class='ocr_line' id='line_1_16' title="bbox 236 2237 1403 2325; baseline -0.003 -19"><span class='ocrx_word' id='word_1_139' title='bbox 236 2251 399 2306; x_wconf 80' lang='lat' dir='ltr'><strong>narratam</strong></span> <span class='ocrx_word' id='word_1_140' title='bbox 424 2262 476 2325; x_wconf 87' lang='lat' dir='ltr'><strong><em>ap.</em></strong></span> <span class='ocrx_word' id='word_1_141' title='bbox 503 2238 590 2303; x_wconf 85' lang='lat' dir='ltr'>Plin.</span> <span class='ocrx_word' id='word_1_142' title='bbox 617 2239 662 2302; x_wconf 89' lang='lat' dir='ltr'><strong><em>H.</em></strong></span> <span class='ocrx_word' id='word_1_143' title='bbox 689 2239 733 2302; x_wconf 94' lang='lat' dir='ltr'><strong><em>N.</em></strong></span> <span class='ocrx_word' id='word_1_144' title='bbox 758 2237 804 2316; x_wconf 85' lang='lat' dir='ltr'><strong><em>X,</em></strong></span> <span class='ocrx_word' id='word_1_145' title='bbox 830 2240 891 2316; x_wconf 75' lang='lat'><strong><em>74,</em></strong></span> <span class='ocrx_word' id='word_1_146' title='bbox 917 2243 964 2304; x_wconf 89' lang='grc'><strong><em>96</em></strong></span> <span class='ocrx_word' id='word_1_147' title='bbox 991 2248 1159 2324; x_wconf 78' lang='lat' dir='ltr'><strong>comparat</strong></span> <span class='ocrx_word' id='word_1_148' title='bbox 1182 2237 1403 2304; x_wconf 82' lang='lat' dir='ltr'><strong>Schneider.“</strong></span> 
     </span>
     <span class='ocr_line' id='line_1_17' title="bbox 234 2338 1045 2427; baseline -0.006 -18"><span class='ocrx_word' id='word_1_149' title='bbox 234 2344 363 2409; x_wconf 81' lang='lat' dir='ltr'><strong>Jacobs.</strong></span> <span class='ocrx_word' id='word_1_150' title='bbox 381 2340 423 2408; x_wconf 88' lang='lat' dir='ltr'><strong><em>ad</em></strong></span> <span class='ocrx_word' id='word_1_151' title='bbox 443 2341 473 2405; x_wconf 83' lang='lat' dir='ltr'><strong><em>h.</em></strong></span> <span class='ocrx_word' id='word_1_152' title='bbox 493 2341 513 2405; x_wconf 91' lang='grc' dir='ltr'><strong><em>Ι.</em></strong></span> <span class='ocrx_word' id='word_1_153' title='bbox 542 2364 573 2427; x_wconf 89' lang='lat' dir='ltr'><strong><em>p.</em></strong></span> <span class='ocrx_word' id='word_1_154' title='bbox 591 2344 677 2417; x_wconf 83' lang='lat'><strong>561,</strong></span> <span class='ocrx_word' id='word_1_155' title='bbox 702 2339 822 2425; x_wconf 82' lang='lat' dir='ltr'>idemq.</span> <span class='ocrx_word' id='word_1_156' title='bbox 841 2338 882 2404; x_wconf 86' lang='lat' dir='ltr'><strong><em>de</em></strong></span> <span class='ocrx_word' id='word_1_157' title='bbox 901 2339 1045 2425; x_wconf 80' lang='lat' dir='ltr'><strong>reliquis.</strong></span> 
     </span>
    </p>

    <p class='ocr_par' dir='ltr' id='par_1_4' title="bbox 234 2438 1406 2940">
     <span class='ocr_line' id='line_1_18' title="bbox 304 2438 1404 2528; baseline -0.001 -19"><span class='ocrx_word' id='word_1_158' title='bbox 304 2443 422 2509; x_wconf 76' lang='lat' dir='ltr'><strong>Athen.</strong></span> <span class='ocrx_word' id='word_1_159' title='bbox 441 2442 517 2523; x_wconf 82' lang='lat' dir='ltr'><strong><em>XV,</em></strong></span> <span class='ocrx_word' id='word_1_160' title='bbox 545 2465 577 2528; x_wconf 83' lang='lat' dir='ltr'><strong><em>p.</em></strong></span> <span class='ocrx_word' id='word_1_161' title='bbox 598 2448 684 2520; x_wconf 82' lang='lat'>693,</span> <span class='ocrx_word' id='word_1_162' title='bbox 708 2441 750 2506; x_wconf 81' lang='grc' dir='ltr'><strong><em>Ε.</em></strong></span> <span class='ocrx_word' id='word_1_163' title='bbox 794 2439 894 2526; x_wconf 80' lang='grc' dir='ltr'><strong><em>Παρὰ</em></strong></span> <span class='ocrx_word' id='word_1_164' title='bbox 911 2441 946 2506; x_wconf 78' lang='grc' dir='ltr'><strong><em>δὲ</em></strong></span> <span class='ocrx_word' id='word_1_165' title='bbox 963 2448 1031 2515; x_wconf 86' lang='grc' dir='ltr'><strong><em>τοῖς</em></strong></span> <span class='ocrx_word' id='word_1_166' title='bbox 1045 2439 1197 2525; x_wconf 87' lang='grc' dir='ltr'><strong><em>Ἕλλησιν</em></strong></span> <span class='ocrx_word' id='word_1_167' title='bbox 1214 2439 1249 2507; x_wconf 77' lang='grc' dir='ltr'><strong><em>οἱ</em></strong></span> <span class='ocrx_word' id='word_1_168' title='bbox 1262 2438 1404 2516; x_wconf 81' lang='grc' dir='ltr'><strong><em>θύοντες</em></strong></span> 
     </span>
     <span class='ocr_line' id='line_1_19' title="bbox 234 2540 1405 2636; baseline -0.003 -24"><span class='ocrx_word' id='word_1_169' title='bbox 234 2551 280 2633; x_wconf 78' lang='grc' dir='ltr'><strong><em>τῷ</em></strong></span> <span class='ocrx_word' id='word_1_170' title='bbox 291 2542 405 2632; x_wconf 80' lang='grc' dir='ltr'><strong><em>Ἡλίῳ,</em></strong></span> <span class='ocrx_word' id='word_1_171' title='bbox 432 2542 473 2620; x_wconf 86' lang='grc' dir='ltr'><strong><em>ῶς</em></strong></span> <span class='ocrx_word' id='word_1_172' title='bbox 490 2562 572 2631; x_wconf 90' lang='grc' dir='ltr'><strong><em>φησι</em></strong></span> <span class='ocrx_word' id='word_1_173' title='bbox 589 2541 759 2630; x_wconf 81' lang='grc' dir='ltr'><strong><em>Φύλαρχος</em></strong></span> <span class='ocrx_word' id='word_1_174' title='bbox 775 2543 813 2609; x_wconf 83' lang='grc' dir='ltr'><strong><em>έν</em></strong></span> <span class='ocrx_word' id='word_1_175' title='bbox 828 2549 868 2636; x_wconf 76' lang='grc' dir='ltr'><strong><em>τῇ</em></strong></span> <span class='ocrx_word' id='word_1_176' title='bbox 885 2540 1048 2636; x_wconf 85' lang='grc' dir='ltr'><strong><em>δωδεκάτη</em></strong></span> <span class='ocrx_word' id='word_1_177' title='bbox 1063 2548 1131 2608; x_wconf 90' lang='grc' dir='ltr'><strong><em>τῶν</em></strong></span> <span class='ocrx_word' id='word_1_178' title='bbox 1144 2542 1310 2631; x_wconf 75' lang='grc' dir='ltr'><strong><em>ἱστοριῶν,</em></strong></span> <span class='ocrx_word' id='word_1_179' title='bbox 1326 2545 1405 2628; x_wconf 92' lang='grc' dir='ltr'><strong><em>μέλι</em></strong></span> 
     </span>
     <span class='ocr_line' id='line_1_20' title="bbox 235 2642 1406 2732; baseline -0.003 -17"><span class='ocrx_word' id='word_1_180' title='bbox 235 2648 454 2725; x_wconf 84' lang='grc' dir='ltr'><strong><em>σπένδουσιν,</em></strong></span> <span class='ocrx_word' id='word_1_181' title='bbox 482 2649 575 2714; x_wconf 83' lang='grc' dir='ltr'><strong><em>οἶνον</em></strong></span> <span class='ocrx_word' id='word_1_182' title='bbox 598 2642 637 2712; x_wconf 87' lang='grc' dir='ltr'><strong><em>ού</em></strong></span> <span class='ocrx_word' id='word_1_183' title='bbox 661 2647 815 2732; x_wconf 87' lang='grc' dir='ltr'><strong><em>φέροντες</em></strong></span> <span class='ocrx_word' id='word_1_184' title='bbox 838 2653 906 2719; x_wconf 91' lang='grc' dir='ltr'><strong><em>τοῖς</em></strong></span> <span class='ocrx_word' id='word_1_185' title='bbox 928 2651 1065 2730; x_wconf 77' lang='grc' dir='ltr'><strong><em>βωμοῖς,</em></strong></span> <span class='ocrx_word' id='word_1_186' title='bbox 1092 2645 1162 2712; x_wconf 86' lang='grc' dir='ltr'><strong><em>δεῖν</em></strong></span> <span class='ocrx_word' id='word_1_187' title='bbox 1177 2647 1324 2728; x_wconf 77' lang='grc' dir='ltr'><strong><em>λέγοντες</em></strong></span> <span class='ocrx_word' id='word_1_188' title='bbox 1341 2646 1406 2712; x_wconf 88' lang='grc' dir='ltr'><strong><em>τδν</em></strong></span> 
     </span>
     <span class='ocr_line' id='line_1_21' title="bbox 234 2743 1405 2836; baseline -0.004 -19"><span class='ocrx_word' id='word_1_189' title='bbox 234 2753 277 2817; x_wconf 82' lang='grc' dir='ltr'><strong><em>τὰ</em></strong></span> <span class='ocrx_word' id='word_1_190' title='bbox 294 2749 355 2817; x_wconf 83' lang='grc' dir='ltr'><strong><em>ὅλα</em></strong></span> <span class='ocrx_word' id='word_1_191' title='bbox 372 2753 554 2830; x_wconf 86' lang='grc' dir='ltr'><strong><em>συνέχοντα</em></strong></span> <span class='ocrx_word' id='word_1_192' title='bbox 570 2756 626 2814; x_wconf 81' lang='grc' dir='ltr'><strong><em>καῖ</em></strong></span> <span class='ocrx_word' id='word_1_193' title='bbox 643 2748 882 2836; x_wconf 80' lang='grc' dir='ltr'><strong><em>διακρατοῦντα</em></strong></span> <span class='ocrx_word' id='word_1_194' title='bbox 898 2748 982 2814; x_wconf 81' lang='grc' dir='ltr'><strong><em>θεὸν</em></strong></span> <span class='ocrx_word' id='word_1_195' title='bbox 997 2755 1052 2813; x_wconf 77' lang='grc' dir='ltr'><strong><em>καὶ</em></strong></span> <span class='ocrx_word' id='word_1_196' title='bbox 1069 2743 1121 2815; x_wconf 76' lang='grc' dir='ltr'><strong><em>ἀεὶ</em></strong></span> <span class='ocrx_word' id='word_1_197' title='bbox 1138 2744 1405 2836; x_wconf 86' lang='grc' dir='ltr'><strong><em>περιπολεύοντα</em></strong></span> 
     </span>
     <span class='ocr_line' id='line_1_22' title="bbox 234 2849 855 2940; baseline -0.005 -21"><span class='ocrx_word' id='word_1_198' title='bbox 234 2854 294 2920; x_wconf 91' lang='grc' dir='ltr'><strong><em>τδν</em></strong></span> <span class='ocrx_word' id='word_1_199' title='bbox 310 2850 435 2936; x_wconf 90' lang='grc' dir='ltr'><strong><em>κόσμον</em></strong></span> <span class='ocrx_word' id='word_1_200' title='bbox 452 2849 624 2940; x_wconf 86' lang='grc' dir='ltr'><strong><em>ἀλλότριον</em></strong></span> <span class='ocrx_word' id='word_1_201' title='bbox 641 2852 726 2916; x_wconf 78' lang='grc' dir='ltr'><strong><em>εἶναι</em></strong></span> <span class='ocrx_word' id='word_1_202' title='bbox 742 2855 855 2936; x_wconf 89' lang='grc' dir='ltr'><strong><em>μέθης.</em></strong></span> 
     </span>
    </p>

    <p class='ocr_par' dir='ltr' id='par_1_5' title="bbox 212 2953 1406 3246">
     <span class='ocr_line' id='line_1_23' title="bbox 212 2953 1405 3040; baseline -0.001 -21"><span class='ocrx_word' id='word_1_203' title='bbox 212 2981 213 2984; x_wconf 52' lang='grc'><strong>“</strong></span> <span class='ocrx_word' id='word_1_204' title='bbox 306 2955 467 3019; x_wconf 72' lang='grc' dir='ltr'><strong><em>Ιιίλιελιοοῑ</em></strong></span> <span class='ocrx_word' id='word_1_205' title='bbox 491 2955 594 3040; x_wconf 79' lang='lat' dir='ltr'><strong>igitur</strong></span> <span class='ocrx_word' id='word_1_206' title='bbox 618 2955 794 3038; x_wconf 86' lang='grc' dir='ltr'><strong><em>νηφαλίους</em></strong></span> <span class='ocrx_word' id='word_1_207' title='bbox 815 2959 953 3030; x_wconf 84' lang='grc' dir='ltr'><strong><em>θυσίας,</em></strong></span> <span class='ocrx_word' id='word_1_208' title='bbox 990 2975 1071 3039; x_wconf 86' lang='lat' dir='ltr'><strong>quas</strong></span> <span class='ocrx_word' id='word_1_209' title='bbox 1096 2953 1288 3019; x_wconf 78' lang='lat' dir='ltr'><strong>Eumenidia</strong></span> <span class='ocrx_word' id='word_1_210' title='bbox 1318 2955 1405 3018; x_wconf 77' lang='lat' dir='ltr'>offe-</span> 
     </span>
     <span class='ocr_line' id='line_1_24' title="bbox 236 3053 1406 3134; baseline -0.003 -10"><span class='ocrx_word' id='word_1_211' title='bbox 236 3059 369 3134; x_wconf 79' lang='lat' dir='ltr'><strong>rebant,</strong></span> <span class='ocrx_word' id='word_1_212' title='bbox 404 3056 524 3133; x_wconf 82' lang='lat' dir='ltr'>Musis,</span> <span class='ocrx_word' id='word_1_213' title='bbox 555 3054 637 3120; x_wconf 81' lang='lat' dir='ltr'><strong>aliia.</strong></span> <span class='ocrx_word' id='word_1_214' title='bbox 687 3055 898 3122; x_wconf 81' lang='lat' dir='ltr'><strong>Waabsmuth</strong></span> <span class='ocrx_word' id='word_1_215' title='bbox 924 3054 1016 3119; x_wconf 72' lang='grc' dir='ltr'><strong><em>ΗεἸΙ.</em></strong></span> <span class='ocrx_word' id='word_1_216' title='bbox 1040 3054 1278 3121; x_wconf 81' lang='lat' dir='ltr'><strong>Alt&#39;erthumsk.</strong></span> <span class='ocrx_word' id='word_1_217' title='bbox 1296 3053 1348 3132; x_wconf 86' lang='lat'><strong><em>11,</em></strong></span> <span class='ocrx_word' id='word_1_218' title='bbox 1370 3064 1406 3122; x_wconf 77' lang='lat'><strong><em>2.</em></strong></span> 
     </span>
     <span class='ocr_line' id='line_1_25' title="bbox 236 3155 1405 3246; baseline -0.003 -21"><span class='ocrx_word' id='word_1_219' title='bbox 236 3183 268 3246; x_wconf 85' lang='lat' dir='ltr'><strong><em>p.</em></strong></span> <span class='ocrx_word' id='word_1_220' title='bbox 289 3165 375 3226; x_wconf 76' lang='lat'><strong>232.</strong></span> <span class='ocrx_word' id='word_1_221' title='bbox 423 3158 474 3224; x_wconf 85' lang='lat' dir='ltr'><strong><em>Ad</em></strong></span> <span class='ocrx_word' id='word_1_222' title='bbox 493 3157 579 3224; x_wconf 79' lang='lat' dir='ltr'>hunc</span> <span class='ocrx_word' id='word_1_223' title='bbox 598 3157 715 3222; x_wconf 81' lang='lat' dir='ltr'><strong>librum</strong></span> <span class='ocrx_word' id='word_1_224' title='bbox 736 3157 871 3224; x_wconf 76' lang='lat' dir='ltr'><strong>fortasse</strong></span> <span class='ocrx_word' id='word_1_225' title='bbox 888 3158 984 3222; x_wconf 78' lang='lat' dir='ltr'><strong>etiam</strong></span> <span class='ocrx_word' id='word_1_226' title='bbox 1005 3157 1094 3222; x_wconf 86' lang='lat' dir='ltr'><strong>locus</strong></span> <span class='ocrx_word' id='word_1_227' title='bbox 1112 3159 1256 3244; x_wconf 80' lang='lat' dir='ltr'><strong>partinet</strong></span> <span class='ocrx_word' id='word_1_228' title='bbox 1276 3179 1295 3221; x_wconf 88' lang='lat' dir='ltr'><strong>a</strong></span> <span class='ocrx_word' id='word_1_229' title='bbox 1315 3155 1405 3222; x_wconf 88' lang='lat' dir='ltr'><strong>Por-</strong></span> 
     </span>
    </p>

    <p class='ocr_par' dir='ltr' id='par_1_6' title="bbox 203 3255 1407 3552">
     <span class='ocr_line' id='line_1_26' title="bbox 203 3255 1407 3348; baseline -0.002 -23"><span class='ocrx_word' id='word_1_230' title='bbox 203 3313 212 3336; x_wconf 78' lang='lat'>,</span> <span class='ocrx_word' id='word_1_231' title='bbox 238 3255 354 3348; x_wconf 66' lang='lat' dir='ltr'><strong>ph‘yrio</strong></span> <span class='ocrx_word' id='word_1_232' title='bbox 372 3259 413 3326; x_wconf 86' lang='lat' dir='ltr'><strong><em>da</em></strong></span> <span class='ocrx_word' id='word_1_233' title='bbox 434 3262 515 3326; x_wconf 83' lang='lat' dir='ltr'><strong>abst.</strong></span> <span class='ocrx_word' id='word_1_234' title='bbox 532 3262 582 3340; x_wconf 89' lang='lat' dir='ltr'><strong><em>II,</em></strong></span> <span class='ocrx_word' id='word_1_235' title='bbox 602 3264 647 3329; x_wconf 84' lang='lat'><strong><em>56</em></strong></span> <span class='ocrx_word' id='word_1_236' title='bbox 676 3273 838 3326; x_wconf 79' lang='lat' dir='ltr'><strong>servatus:</strong></span> <span class='ocrx_word' id='word_1_237' title='bbox 870 3264 984 3333; x_wconf 88' lang='grc' dir='ltr'><strong><em>κοινῶς</em></strong></span> <span class='ocrx_word' id='word_1_238' title='bbox 1006 3257 1135 3333; x_wconf 88' lang='grc' dir='ltr'><strong><em>πάντας</em></strong></span> <span class='ocrx_word' id='word_1_239' title='bbox 1157 3257 1407 3345; x_wconf 79' lang='grc' dir='ltr'><strong><em>τοδςἝλληνας</em></strong></span> 
     </span>
     <span class='ocr_line' id='line_1_27' title="bbox 239 3357 1407 3450; baseline -0.002 -22"><span class='ocrx_word' id='word_1_240' title='bbox 239 3360 410 3449; x_wconf 86' lang='grc' dir='ltr'><strong><em>Φύλαρχος</em></strong></span> <span class='ocrx_word' id='word_1_241' title='bbox 433 3369 514 3450; x_wconf 80' lang='grc' dir='ltr'><strong><em>πρὶν</em></strong></span> <span class='ocrx_word' id='word_1_242' title='bbox 537 3363 593 3428; x_wconf 79' lang='grc' dir='ltr'><strong><em>έπῖ</em></strong></span> <span class='ocrx_word' id='word_1_243' title='bbox 617 3364 792 3446; x_wconf 88' lang='grc' dir='ltr'><strong><em>πολεμίους</em></strong></span> <span class='ocrx_word' id='word_1_244' title='bbox 814 3363 934 3440; x_wconf 83' lang='grc' dir='ltr'><strong><em>έξιέναι</em></strong></span> <span class='ocrx_word' id='word_1_245' title='bbox 959 3357 1248 3449; x_wconf 87' lang='grc' dir='ltr'><strong><em>ἀνθρωποκτονεῖν</em></strong></span> <span class='ocrx_word' id='word_1_246' title='bbox 1265 3360 1407 3449; x_wconf 76' lang='grc' dir='ltr'><strong><em>ἱστορεῖ,</em></strong></span> 
     </span>
     <span class='ocr_line' id='line_1_28' title="bbox 236 3464 1149 3552; baseline -0.001 -22"><span class='ocrx_word' id='word_1_247' title='bbox 236 3465 394 3552; x_wconf 81' lang='lat' dir='ltr'><strong>repetitus</strong></span> <span class='ocrx_word' id='word_1_248' title='bbox 411 3466 451 3530; x_wconf 91' lang='lat' dir='ltr'><strong><em>ab</em></strong></span> <span class='ocrx_word' id='word_1_249' title='bbox 469 3465 613 3530; x_wconf 80' lang='lat' dir='ltr'><strong>Eusebio</strong></span> <span class='ocrx_word' id='word_1_250' title='bbox 632 3464 753 3551; x_wconf 81' lang='lat' dir='ltr'><strong>Praep.</strong></span> <span class='ocrx_word' id='word_1_251' title='bbox 771 3465 833 3530; x_wconf 83' lang='lat' dir='ltr'><strong><em>Ev.</em></strong></span> <span class='ocrx_word' id='word_1_252' title='bbox 862 3488 893 3551; x_wconf 87' lang='lat' dir='ltr'><strong><em>p.</em></strong></span> <span class='ocrx_word' id='word_1_253' title='bbox 916 3466 986 3534; x_wconf 81' lang='grc'><strong><em>156</em></strong></span> <span class='ocrx_word' id='word_1_254' title='bbox 1010 3474 1045 3530; x_wconf 84' lang='lat' dir='ltr'><strong><em>et</em></strong></span> <span class='ocrx_word' id='word_1_255' title='bbox 1067 3466 1149 3550; x_wconf 70' lang='lat'><strong><em>264.</em></strong></span> 
     </span>
    </p>

    <p class='ocr_par' dir='ltr' id='par_1_7' title="bbox 528 3563 986 3638">
     <span class='ocr_line' id='line_1_29' title="bbox 528 3563 986 3638; baseline -0.002 0"><span class='ocrx_word' id='word_1_256' title='bbox 528 3563 531 3568; x_wconf 82' lang='grc'><strong>’</strong></span> <span class='ocrx_word' id='word_1_257' title='bbox 576 3569 581 3576; x_wconf 89' lang='grc'><strong>’</strong></span> <span class='ocrx_word' id='word_1_258' title='bbox 710 3575 794 3638; x_wconf 69' lang='lat' dir='ltr'><strong><em>nra.</em></strong></span> <span class='ocrx_word' id='word_1_259' title='bbox 816 3583 928 3638; x_wconf 85' lang='lat' dir='ltr'><strong><em>xm.</em></strong></span> <span class='ocrx_word' id='word_1_260' title='bbox 984 3617 986 3622; x_wconf 84' lang='lat'>-</span> 
     </span>
    </p>

    <p class='ocr_par' dir='ltr' id='par_1_8' title="bbox 209 3663 1409 3756">
     <span class='ocr_line' id='line_1_30' title="bbox 209 3663 1409 3756; baseline 0 -24"><span class='ocrx_word' id='word_1_261' title='bbox 209 3682 212 3741; x_wconf 70' lang='grc' dir='ltr'>ξ</span> <span class='ocrx_word' id='word_1_262' title='bbox 304 3667 500 3746; x_wconf 76' lang='lat' dir='ltr'>Athen.v1‚</span> <span class='ocrx_word' id='word_1_263' title='bbox 528 3675 558 3756; x_wconf 76' lang='lat' dir='ltr'><strong><em>p.</em></strong></span> <span class='ocrx_word' id='word_1_264' title='bbox 579 3669 672 3747; x_wconf 79' lang='lat'>254,</span> <span class='ocrx_word' id='word_1_265' title='bbox 698 3669 739 3734; x_wconf 76' lang='lat' dir='ltr'><strong><em>F.</em></strong></span> <span class='ocrx_word' id='word_1_266' title='bbox 781 3666 933 3742; x_wconf 82' lang='grc' dir='ltr'><strong><em>Κύλακας</em></strong></span> <span class='ocrx_word' id='word_1_267' title='bbox 957 3663 990 3733; x_wconf 80' lang='grc' dir='ltr'><strong><em>δ’</em></strong></span> <span class='ocrx_word' id='word_1_268' title='bbox 1014 3669 1102 3734; x_wconf 78' lang='grc' dir='ltr'><strong><em>εἶναί</em></strong></span> <span class='ocrx_word' id='word_1_269' title='bbox 1123 3686 1206 3754; x_wconf 89' lang='grc' dir='ltr'><strong><em>φησι</em></strong></span> <span class='ocrx_word' id='word_1_270' title='bbox 1232 3663 1409 3756; x_wconf 84' lang='grc' dir='ltr'><strong><em>Φύλαρχος</em></strong></span> 
     </span>
    </p>

    <p class='ocr_par' dir='ltr' id='par_1_9' title="bbox 207 3759 1409 3877">
     <span class='ocr_line' id='line_1_31' title="bbox 207 3759 1409 3877; baseline -0.001 -43"><span class='ocrx_word' id='word_1_271' title='bbox 207 3769 212 3877; x_wconf 80' lang='grc' dir='ltr'>Ι</span> <span class='ocrx_word' id='word_1_272' title='bbox 235 3777 290 3834; x_wconf 80' lang='grc' dir='ltr'><strong><em>καὶ</em></strong></span> <span class='ocrx_word' id='word_1_273' title='bbox 307 3769 381 3844; x_wconf 79' lang='grc' dir='ltr'><strong><em>τούς</em></strong></span> <span class='ocrx_word' id='word_1_274' title='bbox 404 3770 442 3836; x_wconf 90' lang='grc' dir='ltr'><strong><em>έν</em></strong></span> <span class='ocrx_word' id='word_1_275' title='bbox 458 3769 578 3856; x_wconf 81' lang='grc' dir='ltr'><strong><em>Λήμνῳ</em></strong></span> <span class='ocrx_word' id='word_1_276' title='bbox 602 3775 831 3844; x_wconf 78' lang='grc' dir='ltr'><strong><em>κατοικοῦντας</em></strong></span> <span class='ocrx_word' id='word_1_277' title='bbox 843 3759 1030 3856; x_wconf 85' lang='grc' dir='ltr'><strong><em>Ἀθηναίων</em></strong></span> <span class='ocrx_word' id='word_1_278' title='bbox 1053 3771 1091 3836; x_wconf 78' lang='grc' dir='ltr'><strong><em>ἐν</em></strong></span> <span class='ocrx_word' id='word_1_279' title='bbox 1107 3776 1146 3862; x_wconf 78' lang='grc' dir='ltr'><strong><em>τῇ</em></strong></span> <span class='ocrx_word' id='word_1_280' title='bbox 1163 3767 1409 3862; x_wconf 75' lang='grc' dir='ltr'><strong><em>τριςκαιδεκάτη</em></strong></span> 
     </span>
    </p>

    <p class='ocr_par' dir='ltr' id='par_1_10' title="bbox 207 3863 1409 3961">
     <span class='ocr_line' id='line_1_32' title="bbox 207 3863 1409 3961; baseline 0.002 -25"><span class='ocrx_word' id='word_1_281' title='bbox 207 3882 212 3950; x_wconf 71' lang='grc' dir='ltr'>ξ</span> <span class='ocrx_word' id='word_1_282' title='bbox 235 3877 303 3938; x_wconf 88' lang='grc' dir='ltr'><strong><em>τῶν</em></strong></span> <span class='ocrx_word' id='word_1_283' title='bbox 320 3863 490 3959; x_wconf 73' lang='grc' dir='ltr'><strong><em>ἱστοριῶν.</em></strong></span> <span class='ocrx_word' id='word_1_284' title='bbox 517 3867 614 3961; x_wconf 89' lang='grc' dir='ltr'><strong><em>χάριν</em></strong></span> <span class='ocrx_word' id='word_1_285' title='bbox 631 3871 690 3961; x_wconf 83' lang='grc' dir='ltr'><strong><em>χάρ</em></strong></span> <span class='ocrx_word' id='word_1_286' title='bbox 709 3869 928 3946; x_wconf 85' lang='grc' dir='ltr'><strong><em>ἀποδιδόντας</em></strong></span> <span class='ocrx_word' id='word_1_287' title='bbox 944 3881 1012 3946; x_wconf 87' lang='grc' dir='ltr'><strong><em>τοῖς</em></strong></span> <span class='ocrx_word' id='word_1_288' title='bbox 1031 3869 1192 3960; x_wconf 61' lang='grc' dir='ltr'><strong><em>Σελεύκου</em></strong></span> <span class='ocrx_word' id='word_1_289' title='bbox 1209 3879 1263 3938; x_wconf 79' lang='grc' dir='ltr'><strong><em>καῖ</em></strong></span> <span class='ocrx_word' id='word_1_290' title='bbox 1277 3869 1409 3938; x_wconf 80' lang='grc' dir='ltr'><strong><em>Ἀντιό-</em></strong></span> 
     </span>
    </p>

    <p class='ocr_par' dir='ltr' id='par_1_11' title="bbox 206 3959 1411 4063">
     <span class='ocr_line' id='line_1_33' title="bbox 206 3959 1411 4063; baseline -0.002 -23"><span class='ocrx_word' id='word_1_291' title='bbox 206 3974 212 4054; x_wconf 71' lang='grc' dir='ltr'><em>Ξ</em></span> <span class='ocrx_word' id='word_1_292' title='bbox 234 3998 294 4054; x_wconf 87' lang='grc' dir='ltr'><strong><em>χον</em></strong></span> <span class='ocrx_word' id='word_1_293' title='bbox 312 3969 504 4052; x_wconf 77' lang='grc' dir='ltr'><strong><em>ἀπογόνοις,</em></strong></span> <span class='ocrx_word' id='word_1_294' title='bbox 532 3977 605 4042; x_wconf 73' lang='grc' dir='ltr'><strong><em>ἐπεὶ</em></strong></span> <span class='ocrx_word' id='word_1_295' title='bbox 623 3971 739 4050; x_wconf 81' lang='grc' dir='ltr'><strong><em>αύτούς</em></strong></span> <span class='ocrx_word' id='word_1_296' title='bbox 757 3971 774 4041; x_wconf 86' lang='grc' dir='ltr'><strong><em>ό</em></strong></span> <span class='ocrx_word' id='word_1_297' title='bbox 794 3976 952 4049; x_wconf 84' lang='grc' dir='ltr'><strong><em>Σέλευκος</em></strong></span> <span class='ocrx_word' id='word_1_298' title='bbox 968 3981 1089 4063; x_wconf 87' lang='grc' dir='ltr'><strong><em>πικρῶς</em></strong></span> <span class='ocrx_word' id='word_1_299' title='bbox 1105 3959 1411 4058; x_wconf 64' lang='grc' dir='ltr'><strong><em>ἐπιστατουμένους</em></strong></span> 
     </span>
    </p>

    <p class='ocr_par' dir='ltr' id='par_1_12' title="bbox 205 4057 1413 4160">
     <span class='ocr_line' id='line_1_34' title="bbox 205 4057 1413 4160; baseline -0.001 -18"><span class='ocrx_word' id='word_1_300' title='bbox 205 4057 302 4150; x_wconf 58' lang='lat' dir='ltr'><strong><em>{aab</em></strong></span> <span class='ocrx_word' id='word_1_301' title='bbox 325 4074 517 4160; x_wconf 85' lang='grc' dir='ltr'><strong><em>Λυσιμάχου</em></strong></span> <span class='ocrx_word' id='word_1_302' title='bbox 543 4073 581 4144; x_wconf 86' lang='grc' dir='ltr'><strong><em>ού</em></strong></span> <span class='ocrx_word' id='word_1_303' title='bbox 606 4075 710 4160; x_wconf 90' lang='grc' dir='ltr'><strong><em>μόνον</em></strong></span> <span class='ocrx_word' id='word_1_304' title='bbox 734 4078 871 4156; x_wconf 75' lang='grc' dir='ltr'><strong><em>ἐξείλετο</em></strong></span> <span class='ocrx_word' id='word_1_305' title='bbox 896 4074 981 4142; x_wconf 83' lang='grc' dir='ltr'><strong><em>ἀλλά</em></strong></span> <span class='ocrx_word' id='word_1_306' title='bbox 1004 4084 1059 4142; x_wconf 76' lang='grc' dir='ltr'><strong><em>καί</em></strong></span> <span class='ocrx_word' id='word_1_307' title='bbox 1081 4078 1140 4152; x_wconf 82' lang='grc' dir='ltr'><strong><em>τᾶς</em></strong></span> <span class='ocrx_word' id='word_1_308' title='bbox 1163 4075 1275 4151; x_wconf 86' lang='grc' dir='ltr'><strong><em>πόλεις</em></strong></span> <span class='ocrx_word' id='word_1_309' title='bbox 1292 4072 1413 4150; x_wconf 87' lang='grc' dir='ltr'><strong><em>αύτοῖς</em></strong></span> 
     </span>
    </p>

    <p class='ocr_par' dir='ltr' id='par_1_13' title="bbox 115 4175 1414 4552">
     <span class='ocr_line' id='line_1_35' title="bbox 115 4175 1414 4268; baseline 0 -25"><span class='ocrx_word' id='word_1_310' title='bbox 115 4195 117 4202; x_wconf 81' lang='grc'>’</span> <span class='ocrx_word' id='word_1_311' title='bbox 235 4175 405 4244; x_wconf 77' lang='grc' dir='ltr'><strong><em>ἀπέδωκεν</em></strong></span> <span class='ocrx_word' id='word_1_312' title='bbox 429 4175 634 4268; x_wconf 88' lang='grc' dir='ltr'><strong><em>ἀμφοτέρας,</em></strong></span> <span class='ocrx_word' id='word_1_313' title='bbox 667 4178 702 4244; x_wconf 76' lang='grc' dir='ltr'><strong><em>οἱ</em></strong></span> <span class='ocrx_word' id='word_1_314' title='bbox 724 4178 900 4266; x_wconf 85' lang='grc' dir='ltr'><strong><em>Λημνόθεν</em></strong></span> <span class='ocrx_word' id='word_1_315' title='bbox 920 4176 1093 4266; x_wconf 69' lang='grc' dir='ltr'><strong><em>Ἀθηναῖοι</em></strong></span> <span class='ocrx_word' id='word_1_316' title='bbox 1117 4175 1160 4264; x_wconf 77' lang='grc' dir='ltr'><strong><em>ού</em></strong></span> <span class='ocrx_word' id='word_1_317' title='bbox 1177 4175 1282 4263; x_wconf 85' lang='grc' dir='ltr'><strong><em>μόνον</em></strong></span> <span class='ocrx_word' id='word_1_318' title='bbox 1304 4180 1414 4254; x_wconf 74' lang='grc' dir='ltr'><strong><em>ναούς</em></strong></span> 
     </span>
     <span class='ocr_line' id='line_1_36' title="bbox 235 4275 1412 4364; baseline -0.001 -18"><span class='ocrx_word' id='word_1_319' title='bbox 235 4279 482 4347; x_wconf 88' lang='grc' dir='ltr'><strong><em>κατεσκεύασαν</em></strong></span> <span class='ocrx_word' id='word_1_320' title='bbox 498 4287 557 4349; x_wconf 86' lang='grc' dir='ltr'><strong><em>τού</em></strong></span> <span class='ocrx_word' id='word_1_321' title='bbox 576 4279 754 4360; x_wconf 83' lang='grc' dir='ltr'><strong><em>Σελεύκου,</em></strong></span> <span class='ocrx_word' id='word_1_322' title='bbox 781 4279 866 4347; x_wconf 85' lang='grc' dir='ltr'><strong><em>ἀλλά</em></strong></span> <span class='ocrx_word' id='word_1_323' title='bbox 882 4290 936 4347; x_wconf 84' lang='grc' dir='ltr'><strong><em>καὶ</em></strong></span> <span class='ocrx_word' id='word_1_324' title='bbox 953 4287 1012 4348; x_wconf 88' lang='grc' dir='ltr'><strong><em>τού</em></strong></span> <span class='ocrx_word' id='word_1_325' title='bbox 1029 4280 1103 4349; x_wconf 80' lang='grc' dir='ltr'><strong><em>υίού</em></strong></span> <span class='ocrx_word' id='word_1_326' title='bbox 1127 4275 1315 4364; x_wconf 82' lang='grc' dir='ltr'><strong><em>Ἀντιόχου.</em></strong></span> <span class='ocrx_word' id='word_1_327' title='bbox 1348 4286 1412 4346; x_wconf 81' lang='grc' dir='ltr'><strong><em>καὶ</em></strong></span> 
     </span>
     <span class='ocr_line' id='line_1_37' title="bbox 235 4373 1414 4472; baseline 0.002 -24"><span class='ocrx_word' id='word_1_328' title='bbox 235 4384 295 4448; x_wconf 90' lang='grc' dir='ltr'><strong><em>τδν</em></strong></span> <span class='ocrx_word' id='word_1_329' title='bbox 317 4382 530 4469; x_wconf 77' lang='grc' dir='ltr'><strong><em>ἐπιχεόμενον</em></strong></span> <span class='ocrx_word' id='word_1_330' title='bbox 554 4383 682 4452; x_wconf 79' lang='grc' dir='ltr'><strong><em>κύαθον</em></strong></span> <span class='ocrx_word' id='word_1_331' title='bbox 707 4385 745 4449; x_wconf 86' lang='grc' dir='ltr'><strong><em>έν</em></strong></span> <span class='ocrx_word' id='word_1_332' title='bbox 770 4393 841 4459; x_wconf 89' lang='grc' dir='ltr'><strong><em>ταῖς</em></strong></span> <span class='ocrx_word' id='word_1_333' title='bbox 855 4373 1055 4459; x_wconf 85' lang='grc' dir='ltr'><strong><em>συνουσίαις</em></strong></span> <span class='ocrx_word' id='word_1_334' title='bbox 1076 4383 1237 4452; x_wconf 85' lang='grc' dir='ltr'><strong><em>Σελεύκου</em></strong></span> <span class='ocrx_word' id='word_1_335' title='bbox 1257 4381 1414 4472; x_wconf 77' lang='grc' dir='ltr'><strong><em>σωτήριος</em></strong></span> 
     </span>
     <span class='ocr_line' id='line_1_38' title="bbox 237 4487 383 4552; baseline 0.021 -3"><span class='ocrx_word' id='word_1_336' title='bbox 237 4487 383 4552; x_wconf 78' lang='grc' dir='ltr'><strong><em>καλοῦσι.</em></strong></span> 
     </span>
    </p>
   </div>
   <div class='ocr_carea' id='block_1_3' title="bbox 0 0 1488 5060">
    <p class='ocr_par' dir='ltr' id='par_1_14' title="bbox 0 0 1488 5060">
     <span class='ocr_line' id='line_1_39' title="bbox 0 0 1488 5060; baseline 0 0"><span class='ocrx_word' id='word_1_337' title='bbox 0 0 1488 5060; x_wconf 95' lang='lat' dir='ltr'><strong><em> </em></strong></span> 
     </span>
    </p>
   </div>
  </div>
 </body>
</html>
