2950 5060
618 349 681 422 ΙΙ

64 591 210 678 denique
225 588 338 657 etiam
333 585 501 656 omiserit.
535 581 641 672 Cuius
657 585 851 655 temeritatis
868 584 1032 672 exempla
1037 584 1118 652 haec
1133 607 1152 651 a
1168 583 1234 650 Po·

65 693 155 782 lyhio
175 693 371 760 afferuntur.

135 795 191 860 De
210 791 382 858 Mantinea·
402 791 543 877 primum
569 789 610 854 uh
627 788 796 875 Antigono
816 800 853 854 et
872 788 1007 854 Achaeis
1024 786 1235 854 Aratodnoe

64 906 161 982 napta
178 891 448 982 Phylarchum
421 915 468 958 ιιι
486 890 692 979 exposuisse,
720 901 761 956 ut
775 889 854 956 nihil
872 911 936 956 nen
954 890 1122 970 attulerit,
1148 888 1235 977 quod

65 1007 124 1062 aut
147 995 266 1064 oinium
290 993 508 1062 calamitatem
533 1003 591 1058 aut
614 990 756 1058 hostium
777 993 982 1072 atrocitatem
997 991 1160 1058 denotare
1178 1014 1236 1077 po·

66 1097 179 1166 tuerit.
230 1095 497 1184 Antiquissimum
521 1092 600 1160 inde
621 1093 783 1162 Arcadiae
809 1094 924 1160 urhem
946 1095 1108 1173 excisam,
1148 1093 1236 1160 cives

66 1201 99 1264 iu
124 1201 313 1269 servitutem
329 1197 504 1278 venditos,
536 1206 738 1316 tautourque
745 1198 789 1262 ah
813 1195 918 1262 altera
943 1206 1036 1284 parte
1054 1195 1175 1262 rabiem
1201 1201 1236 1260 et

65 1298 315 1380 crudelitatem,-
340 1301 382 1366 ah
406 1299 532 1366 altera
527 1297 715 1394 miseriam
712 1297 850 1378 luisse,
867 1295 921 1364 ut
928 1319 1024 1363 neruo
1048 1319 1121 1363 non
1131 1300 1236 1362 Grae·

65 1424 180 1470 corum
198 1423 327 1478 summu
341 1400 458 1470 dolore
475 1403 615 1468 allectus
632 1399 740 1466 luerit
777 1379 919 1466 Gaussas
935 1409 1059 1480 ιιιιιιιιι,
1084 1398 1237 1484 equibus

66 1504 142 1570 hue.
152 1515 218 1570 tarn
244 1516 372 1572 atroces
396 1525 522 1590 pomae
549 1502 604 1568 ah
614 1501 894 1568 Mantineansibus
919 1503 1077 1590 repetitae
1102 1500 1237 1580 inerint,

66 1606 200 1674 omissas
216 1630 287 1672 esse
300 1606 344 1672 uh
355 1616 518 1684 auctore,
533 1625 629 1690 ,quae
645 1603 672 1668 si
690 1612 888 1690 reputentur
905 1603 1001 1685 sotis,
1026 1623 1155 1668 omnem
1175 1602 1237 1668 ini-

67 1708 201 1795 quitatis
224 1708 317 1774 istius
339 1707 479 1794 speciem
501 1703 585 1772 tolli.
633 1704 1005 1785 Mantineensesenim,
1032 1705 1144 1771 relicta
1170 1704 1238 1790 pri·

66 1829 157 1874 mum
181 1819 301 1896 sponte.
320 1831 390 1876 sua
404 1807 610 1880 Achaeorum
634 1807 806 1888 societate,
838 1807 963 1872 Aetolis
984 1831 1022 1872 ss
1046 1817 1080 1872 et
1098 1805 1237 1894 patriam

66 1909 259 1990 tradidisse,
291 1909 551 1978 deinde=autem
583 1909 763 1976 Cleomeni.
817 1905 963 1974 Achaeos
994 1918 1103 1974 autem
1136 1911 1237 1973 Arato

66 2013 151 2080 dune
173 2025 282 2100 quum
299 2021 417 2100 quarto
435 2033 526 2078 anno
551 2021 630 2078 ante
650 2009 810 2099 Antigoni
834 2009 867 2074 in
892 2009 1155 2098 Peloponnesum
1179 2009 1238 2075 ad-

66 2123 200 2180 rentum
222 2116 337 2180 urbem
353 2115 472 2180 iterum
490 2123 720 2200 occupassent,
746 2122 873 2178 tantum
892 2112 1052 2192 abluisse,
1079 2122 1117 2178 ut
1133 2109 1238 2176 vindi·

66 2225 153 2285 ctam
177 2226 344 2282 sumerent
369 2215 410 2282 de
431 2214 566 2303 perfidia
584 2215 724 2296 civium,
750 2224 874 2280 utnon
901 2213 998 2280 modo
1022 2215 1239 2280 abstinuerint

65 2341 85 2382 a
103 2316 243 2385 fortunis
257 2339 392 2398 eorum,
417 2317 478 2384 sed
499 2315 609 2384 denuo
631 2317 728 2382 etiam
754 2317 787 2382 in
811 2314 927 2382 ioedus
950 2336 1011 2381 eos·
1026 2317 1140 2403 aequis
1153 2313 1238 2402 juri-

66 2419 127 2484 hus
146 2419 349 2506 receperint,
376 2420 628 2506 petentibusque
650 2417 733 2484 adeo
759 2440 834 2484 mox
858 2417 1055 2505 praesidium
1075 2416 1239 2501 dederint,

67 2521 156 2608 quad
184 2522 367 2589 libertatern
397 2543 437 2586 ao
467 2520 604 2588 salutem
632 2519 977 2586 eorumdelenderet.
1032 2521 1108 2588 Non
1136 2519 1239 2586 multo

66 2633 153 2708 pust
157 2635 267 2704 autern
284 2622 445 2690 seditione
470 2632 585 2690 exortu
606 2621 727 2688 factum
746 2645 837 2702 esse,
864 2629 953 2687 utet
971 2619 1239 2688 Lacedaemoniis

66 2725 181 2790 urhem
212 2723 409 2790 tradiderint
442 2735 476 2792 et
508 2723 673 2801 Achaeos,
713 2723 780 2810 qui.
795 2721 999 2824 praesidio
990 2722 1029 2787 ris
1060 2722 1239 2806 adfuerint,

67 2825 282 2908 trucidarint‚
308 2850 373 2915 quo
390 2827 513 2892 certior
530 2828 674 2914 ipsorum
692 2823 781 2912 apud
794 2803 1018 2891 Cleomenem
1023 2833 1058 2889 et
1071 2823 1240 2892 Lacedae-

65 2929 191 2996 monica
209 2928 303 2996 fides
309 2939 405 2996 esset.
440 2925 545 3016 Cujus
561 2925 705 2994 sceleris
711 2949 775 2995 non
793 2925 873 2995 alias
890 2949 956 3000 eos
960 2947 1080 3012 poenas
1098 2925 1240 3011 dedisse,
1258 2992 1262 3002 ,

67 3029 129 3094 ιιίιι
119 3005 184 3098 ut
201 3053 276 3098 eum
297 3031 452 3098 uxoribus
469 3041 503 3095 et
520 3029 630 3096 liberis
647 3027 758 3094 hastae
774 3025 911 3114 subjecti
928 3027 1061 3108 tuerint,
1086 3030 1146 3095 etsi
1160 3051 1240 3150 gra·

66 3131 160 3198 viora
175 3133 287 3200 multo
294 3132 480 3200 meruerint
497 3141 531 3198 et
549 3132 749 3198 severiora.
754 3131 847 3196 Νιιιι
862 3129 1085 3196 lamentandas
1101 3153 1158 3196 eos
1176 3131 1240 3219 igi·

64 3247 122 3300 tur
147 3232 265 3314 luisse,
286 3234 416 3302 etiamsi
441 3233 529 3320 passi
551 3232 641 3321 quod
667 3231 875 3320 Phylarchus
891 3232 1066 3318 scripserit
1082 3230 1239 3313 ·lcisse'nt‚

63 3335 154 3400 hunc
174 3336 322 3402 autern
303 3359 351 3414 ιιι
371 3335 549 3422 portentis,
576 3339 661 3422 qnae
683 3333 889 3412 locutussit,
915 3355 979 3398 non
998 3334 1102 3398 solum
1121 3336 1240 3400 menti

63 3449 149 3503 tum
147 3459 234 3502 esso
258 3435 325 3512 sed
340 3437 437 3544 etiarp
463 3460 502 3504 ea
524 3437 718 3517 mentitum,
750 3458 836 3524 quse
852 3437 939 3502 omni
959 3435 1240 3502 verisimilitudine

61 3549 214 3606 careant
247 3507 435 3636 Tegeatis
441 3538 534 3624 quod
567 3540 649 3606 urhe
678 3550 774 3626 captu
801 3537 881 3604 nihil
905 3538 1010 3604 simile
1027 3549 1135 3604 tamen
1154 3538 1240 3603 anci

62 3639 178 3722 derit,
210 3641 293 3728 quia
319 3659 383 3706 non
408 3639 530 3736 eadam
561 3641 697 3708 istorum
727 3640 825 3728 culpe
850 3639 968 3722 luerit,
1007 3663 1026 3704 n
1052 3639 1239 3729 Phylarcho

64 3743 172 3832 plane
188 3743 376 3830 neglectum
403 3766 484 3810 esse.
571 3799 574 3806 ι

134 3843 357 3932 Phylarchum
385 3853 485 3931 porro
511 3845 773 3912 Aristomachum
799 3845 921 3912 dixisse
950 3845 1131 3933 Argivum,
1169 3845 1239 3912 ela-

64 3945 191 4012 rissima
209 3959 310 4034 gente
328 3958 440 4012 natum
459 3958 494 4012 et
511 3949 710 4034 Argivorum
729 3946 860 4034 quidem
879 3947 956 4012 olim
977 3958 1153 4034 tyrannum
1182 3945 1240 4012 sed

63 4044 215 4135 tyrannis
238 4059 367 4128 ortum,
395 4049 426 4112 in
454 4060 646 4134 potestatem
671 4060 849 4138 postquam¹
870 4050 997 4115 venerit
1018 4049 1175 4137 Antigoni
1202 4059 1238 4114 et

62 4150 289 4231 Achaeorum,
321 4149 509 4216 Cenchreas
533 4149 709 4217 deductum
741 4162 775 4216 et
801 4151 973 4217 tormentis
996 4150 1106 4216 multis
1132 4152 1238 4216 inter·

64 4250 191 4318 lectum·
205 4276 293 4332 esse,
328 4263 390 4333 „ut
405 4275 466 4338 par
484 4253 639 4339 iniquitas
655 4265 715 4319 aut
735 4252 913 4319 crudelitas
936 4253 1155 4318 in'neminam
1175 4275 1239 4316 un-

4 4347 6 4368 '
62 4375 161 4440 quam
181 4354 368 4422 mortmium
385 4353 525 4420 admissa
545 4353 685 4436 tuerit“;
712 4354 854 4442 laetique
873 4366 909 4420 ut
926 4364 1066 4439 augeret
1083 4353 1238 4418 atrocita-

63 4467 151 4536 tem,
179 4479 274 4566 uooes
296 4456 380 4524 adeo
405 4456 556 4538 finxisse,
589 4479 673 4543 quae
698 4457 775 4544 ipsis
798 4455 845 4522 illi
871 4455 1047 4522 tormentis'
1064 4475 1238 4542 expressae
1361 4495 1365 4502 ·
