2950 5060
302 621 463 686 Mirabilia
485 630 579 699 sunt,
614 605 697 706 quae
719 617 761 683 ad
788 618 912 704 reliqua
937 617 1128 705 explicanda
1147 617 1330 684 attulerunt
1352 619 1400 683 in-

237 733 409 810 terpretes.
447 721 609 798 „Videtur
627 719 838 799 Patroclus“,
864 721 1074 784 (lasaubonus
1093 721 1209 806 inquit,
1238 720 1302 799 „de
1322 721 1402 785 Pto·
1458 787 1459 808 ,

235 825 360 892 lemaeo
385 821 553 910 prodendo
578 823 757 910 cogitasse,
783 831 817 885 et
839 821 937 886 tacite
959 843 1033 886 cum
1062 822 1153 886 hoste
1179 823 1398 908 conspirasse;

235 949 334 1014 quem
358 935 468 990 monet
493 934 529 989 ut
553 924 702 990 nauticae
732 945 844 990 curam
869 933 1036 1010 capessat,
1067 934 1124 988 aut
1148 923 1229 996 sciat
1253 935 1398 1008 paratam

236 1029 295 1093 sibi
321 1025 551 1114 ignominiam,
584 1048 668 1112 quae
700 1025 801 1088 victos
830 1027 1021 1110 sequatur“.
1064 1023 1164 1100 Eicus
1190 1025 1276 1089 enim
1302 1024 1400 1090 edere
1458 1071 1459 1084 ,

236 1129 315 1194 nihil
338 1126 427 1192 aliud
452 1149 523 1192 esse
545 1125 604 1190 nisi
623 1123 751 1190 mollius
769 1125 889 1190 vivere.
932 1124 1040 1189 Schol.
1058 1123 1100 1188 ad
1119 1125 1283 1212 Aristoph.
1301 1127 1399 1212 Vesp.

151 1295 158 1305 ,
238 1238 324 1299 301.
369 1227 581 1293 Villebrusius
600 1238 710 1292 autem
736 1227 834 1290 vertit
857 1225 937 1290 illud
954 1230 1021 1291 τῶν
1038 1223 1145 1291 σύκων
1161 1223 1296 1311 τρώγειν
1321 1238 1401 1306 „aut

138 1407 141 1413 y
235 1330 277 1398 ad
297 1330 453 1416 privatam
474 1330 573 1394 vitam
597 1325 706 1392 redire
724 1327 870 1412 ficusque
886 1327 1100 1394 comedere.“
1145 1326 1211 1392 Sed
1238 1328 1400 1416 quomodo

235 1433 287 1498 vel
312 1431 446 1518 piscium
473 1430 528 1494 illa
551 1429 682 1505 donatio
705 1428 892 1514 significare
917 1429 1035 1514 possit,
1062 1429 1183 1494 navalis
1213 1431 1261 1496 rei
1287 1449 1398 1494 curam

238 1534 404 1619 Antigono
421 1530 602 1618 gerendam
619 1552 706 1610 esse,
733 1529 783 1594 vel
801 1529 883 1594 ficus
899 1530 1072 1596 comedere
1091 1530 1314 1596 luxuriosioris
1335 1532 1400 1596 sive

237 1633 392 1700 mollioris
409 1632 557 1720 adeoque
575 1631 692 1718 privati
711 1631 794 1695 vitae
811 1632 944 1716 generis
961 1655 1051 1710 esse,
1074 1631 1206 1700 difficile
1223 1645 1273 1698 est
1290 1633 1332 1697 ad
1352 1634 1399 1696 ln·
1458 1691 1459 1720 ,

237 1734 466 1822 telligendum.
508 1735 563 1800 'Ex
582 1731 798 1817 Aristophane
815 1742 905 1798 certe
921 1729 1057 1819 ejusque
1075 1734 1254 1820 interprete
1272 1739 1400 1801 Graeco

237 1837 317 1904 nihil
342 1832 500 1922 ejusmodi
531 1833 649 1904 deduci
675 1843 790 1919 potest.
844 1835 988 1900 Patrocli
1012 1846 1142 1914 antem,
1173 1857 1259 1922 quae
1282 1837 1401 1912 lentur,
1458 1863 1459 1868 ¹

238 1936 376 2026 perfidia
400 1958 463 2000 non
490 1957 528 2000 ea
551 1945 643 2002 uerte
665 1933 760 2013 luit,¹
777 1933 856 2021 quin
886 1946 998 2022 postea
1027 1959 1158 2025 quoque
1185 1937 1400 2023 Philadelpho
1458 1941 1459 1982 3

237 2048 399 2127 regnante
417 2036 640 2122 Aegyptiacae
656 2034 767 2102 classis
784 2037 955 2124 imperium
974 2050 1119 2124 gereret.
1168 2038 1285 2105 Athen.
1304 2040 1400 2117 XIV,
1458 2059 1459 2072 ¹

237 2165 270 2229 p.
292 2148 378 2217 621,
395 2141 434 2203 A.
482 2137 689 2203 Manifestum
706 2149 817 2204 autem
837 2141 976 2224 primum
995 2139 1076 2205 illud
1095 2139 1236 2220 videtur,
1263 2142 1401 2228 piscibus

238 2233 300 2308 illis
325 2252 359 2308 et
382 2240 507 2306 ficubus
531 2239 635 2304 missis
651 2239 756 2305 simile
779 2240 858 2326 quid
884 2263 903 2306 a
922 2240 1077 2307 Patroclo
1094 2241 1313 2328 significatum
1332 2266 1401 2310 esse

237 2343 404 2429 Antigono
428 2341 487 2420 iis,
517 2362 657 2426 quorum
680 2340 823 2428 Scythae
845 2343 983 2410 Darium
1008 2341 1210 2410 admonitum
1229 2345 1400 2410 voluerint.

237 2445 333 2512 Inani
350 2440 490 2530 quadam
506 2437 702 2526 jactatione,
728 2441 848 2506 nullam
864 2440 931 2529 jam
949 2445 1088 2531 amplius
1105 2445 1217 2512 salutis
1235 2448 1318 2512 viam
1335 2451 1400 2512 An-

237 2547 353 2633 tigono
378 2540 524 2608 relictam
549 2565 637 2624 esse,
663 2541 849 2629 designasse
866 2544 1041 2612 Patroclus
1064 2548 1204 2612 videtur.
1248 2549 1325 2614 Non
1346 2571 1402 2615 ue-

238 2645 433 2734 gligendum
452 2643 538 2709 enim
557 2654 619 2724 est,
649 2643 690 2710 de
710 2648 839 2732 mugnis
863 2647 1002 2733 piscibus
1026 2659 1060 2714 et
1084 2648 1126 2716 de
1146 2649 1298 2714 crudum
1322 2653 1401 2716 ficu·

238 2751 298 2814 hus
322 2767 504 2814 sermonem
530 2768 610 2810 esse.
653 2747 774 2814 Sensus
798 2748 902 2834 igitur
922 2773 996 2816 esse
1023 2748 1170 2829 videtur,
1197 2752 1399 2837 pereundum
1458 2811 1459 2826 ,

237 2849 368 2916 omnino
392 2871 463 2914 esse
478 2846 729 2926 Macedonibus,
754 2850 799 2914 ita
818 2860 854 2914 ut
877 2860 935 2916 aut
957 2853 984 2916 si
1001 2851 1218 2939 confligerent
1239 2855 1341 2934 mari,
1369 2856 1401 2920 in

238 2973 303 3039 quo
322 2949 497 3035 plurimum
524 2960 592 3012 tum
612 2948 761 3014 valebant
779 2951 953 3037 Aegyptii,
980 2953 1098 3039 praeda
1118 2955 1236 3020 fierent
1253 2956 1403 3043 piscium,
1458 2945 1459 3024 s

230 3063 295 3120 aut
311 3051 338 3116 si
355 3061 444 3116 terra
463 3049 581 3128 bellum
600 3061 770 3135 gererent,
794 3064 994 3119 commeatus
1007 3055 1179 3122 interirent
1197 3058 1315 3144 inopia,
1343 3059 1403 3124 nisi

236 3152 347 3220 crudis
363 3153 516 3218 arborum
536 3151 693 3216 fructibus
710 3152 828 3220 famem
851 3153 1064 3241 depellerent.
1108 3156 1211 3246 Cujus
1234 3160 1403 3248 aenigma-

239 3257 280 3322 tis
298 3253 456 3318 rationem
475 3255 520 3318 ita
539 3253 638 3319 vertit
654 3254 840 3341 Antigonus
863 3256 895 3322 in
915 3279 984 3324 rem
1003 3280 1106 3340 suam,
1132 3271 1169 3326 ut
1189 3272 1315 3330 certum
1331 3259 1401 3348 jam

237 3357 296 3422 sibi
315 3355 413 3420 maris
430 3354 602 3440 imperium
620 3355 798 3442 significari
813 3355 995 3443 judicaret,
1021 3361 1082 3426 nisi
1104 3362 1192 3448 quod
1210 3363 1318 3432 lacere
1337 3387 1401 3430 non

237 3466 369 3544 possent
386 3456 550 3534 lacerent,
577 3466 613 3520 ut
630 3456 748 3522 erudas
766 3460 847 3524 ficus
863 3460 1086 3528 comederent.
1327 3537 1329 3544 ¹

305 3557 425 3625 Athen.
448 3557 501 3638 X,
531 3579 562 3643 p.
584 3558 677 3634 412,
701 3559 743 3623 F.
798 3557 968 3650 Φύλαρχος
997 3564 1035 3630 δέ
1056 3584 1159 3650 φησιν
1184 3566 1221 3632 ἒν
1245 3571 1285 3660 τῇ
1308 3573 1401 3661 τρίτῃ

236 3663 303 3724 τῶν
334 3657 489 3747 ἱστοριῶν
519 3657 578 3723 τὸν
606 3659 749 3724 Μίλωνα
778 3667 901 3750 ταῦρον
929 3675 1132 3750 καταφαγεῖν
1160 3671 1402 3736 κατακλιθέντα

236 3761 303 3848 πρὸ
329 3764 388 3826 τοῦ
415 3765 525 3844 βωμοῦ
555 3764 614 3826 τοῦ
637 3758 731 3836 Διός·
763 3761 814 3830 διὸ
843 3773 898 3830 καὶ
926 3773 1065 3856 πατῆσαι
1089 3769 1122 3844 ἒς
1147 3767 1248 3838 αὐτὸν
1271 3776 1402 3860 Δωριέα
1458 3809 1459 3834 ι

235 3863 296 3930 τὸν
320 3863 458 3948 ποιητὴν
482 3859 562 3927 τάδε

343 3965 437 4038 Totos
454 3963 510 4048 ἔην
526 3964 663 4041 Μίλων,
698 3960 744 4030 ὅτ’
762 3961 831 4034 ἀπὸ
847 3970 970 4050 χθονὸς
985 3967 1086 4061 ἤρατο
1103 3979 1230 4063 βρῖθος,

441 4067 604 4153 Τετραετῆ
620 4063 786 4153 dandina,
813 4071 851 4137 ἐν
868 4073 1158 4155 Διὸς.εἰλαιτίναις,

300 4322 352 4386 13)
374 4319 548 4398 Significatio
570 4319 641 4379 haec
660 4322 755 4397 vocis,
776 4323 803 4382 in
823 4327 918 4386 lexicis
938 4331 1058 4405 omissa,
1085 4331 1242 4391 defenditur
1261 4330 1401 4391 Athenaei
1458 4307 1459 4324 .

234 4401 299 4458 loco
314 4403 374 4473 lll,
396 4423 425 4479 p.
443 4411 495 4475 80,
510 4403 543 4462 E.
571 4411 688 4476 Alcetas
701 4407 731 4464 dl
746 4429 816 4480 φησι
828 4417 882 4470 τῶν
897 4413 991 4486 μήλων
1004 4417 1039 4474 τὰ
1052 4417 1143 4490 χλωρὰ
1162 4417 1209 4478 καὶ
1223 4417 1339 4490 μηδέπω
1354 4418 1403 4475 ul·
1458 4407 1459 4418 ³

234 4505 308 4542 κονα
323 4485 461 4558 κακόχυλα
476 4487 550 4546 εἶναι
566 4491 613 4546 καὶ
627 4492 826 4566 κακοστόμαχα.
