2950 5060
655 307 719 376 21

197 539 313 627 Ὤμοις
330 541 366 606 δὲ
383 545 496 626 κτῆνος
512 542 551 608 τδ
568 540 731 630 πελώριον
749 539 791 618 ῶς
808 548 884 611 νέον
901 541 987 634 άρνα

293 639 450 725 Ἤνεγκεν
467 641 513 708 δι’
532 643 604 730 ὅλης
620 650 729 730 κοῦφα
745 644 963 735 πανηγύρεως.

202 747 271 810 Καὶ
287 743 416 829 θάμβος
431 752 509 828 μὲν,
537 742 622 834 άτάρ
640 747 736 814 τοῦδε
752 750 855 815 πλέον
876 743 975 835 ἤνυσε
990 753 1109 832 θαῦμα

301 845 463 935 Πρόσθεν
485 849 648 926 Πισαίου,
674 855 776 928 ξεῖνε,
802 853 996 936 θυηπολίου.

194 947 267 1014 Ὃν
283 949 343 1036 γάρ
361 947 572 1032 ἐπόμπευσεν
587 955 667 1034 βοῦν
684 946 819 1033 ἄζυγον,
846 954 891 1026 εἰς
907 957 985 1041 κρέα
1002 951 1097 1018 τόνδε

300 1049 441 1141 Κόψας,
468 1049 582 1116 πάντα
598 1048 666 1116 κατ’
685 1048 744 1118 οῦν
760 1058 879 1135 μοῦνος
895 1051 1052 1121 ἐδαίσατό
1070 1077 1132 1120 νιν.

168 1184 306 1252 Delatus
329 1209 399 1251 esse
422 1185 551 1251 videtur
570 1186 775 1274 Phylarchus
799 1187 831 1252 in
855 1189 996 1254 historiis
1014 1189 1079 1254 suis
1095 1187 1138 1256 ad
1156 1189 1266 1278 inglu·

98 1288 161 1352 viei
179 1287 308 1373 aliquod
327 1287 512 1374 exemplum
523 1335 532 1367 ‚
557 1287 645 1376 quod
664 1299 700 1354 ut
717 1287 916 1370 illustraret,
939 1287 1153 1376 adjiciendam
1171 1305 1265 1378 puta-

98 1391 146 1454 vit
170 1388 300 1453 Milonis
325 1390 524 1454 memoriam.
570 1389 700 1456 Laudat
725 1390 766 1456 de
791 1414 830 1456 eo
854 1391 962 1478 paullo
986 1403 1062 1458 ante
1079 1392 1266 1458 Athenaeus

95 1490 152 1576 (p.
173 1489 275 1576 412).
319 1491 530 1556 'Pheodorum
551 1489 790 1577 Hierapolitam
810 1491 867 1579 (ἐν
883 1517 950 1567 τοις
967 1499 1056 1580 περι
1061 1489 1213 1582 οιγωνοιν)
1231 1504 1265 1559 et

96 1591 321 1658 Alexandrum
343 1593 504 1657 Aetolum.
541 1593 684 1658 Pausen.
702 1593 765 1674 VI,
782 1597 840 1675 14,
859 1603 893 1660 2
914 1600 948 1662 3.
993 1570 1266 1680 DeDorieiepi-

95 1706 301 1779 grammate,
327 1693 414 1780 quod
433 1691 589 1780 adjecisse
607 1695 713 1760 verbis
730 1697 796 1762 suis
811 1695 1017 1782 Phylarchus
1035 1695 1174 1778 dieitur,
1200 1695 1264 1760 vid.

95 1797 226 1860 Jacobs.
244 1795 468 1860 Animadvers.
485 1796 527 1914 ad
546 1795 644 1861 Anth.
665 1795 735 1862 Vol.
749 1798 798 1878 ll,
819 1797 859 1863 P
875 1805 960 1884 2,ρ.
980 1805 1062 1902 191).

170 1929 286 1996 Athen.
303 1931 363 1996 IV.
391 1953 422 2016 p
446 1881 536 2009 md,
561 1931 606 1996 D.
644 1927 714 1996 Ἔν
718 1931 810 1996 δὲ
771 1955 809 2025 τη
827 1937 924 2055 τρίτη
942 1907 1075 2005 ῦαύτδς
1094 1927 1264 2019 Φύλαρχος

93 2029 274 2118 Ἀριάμνην
291 2039 371 2118 φησὶ
389 2033 448 2098 τὸν
464 2029 622 2118 Γαλάτην
637 2029 924 2100 πλουσιῶτατον”
905 2058 986 2100 οντα
995 2034 1264 2116 ἐπαγγείλασθαι

96 2132 252 2199 ἑστιᾶσαι
268 2131 423 2208 Γαλάτας
439 2131 568 2208 πάντας
585 2135 749 2212 ἐνιαυτὸν,
774 2143 828 2200 καὶ
845 2140 942 2202 τοῦτο
960 2136 1154 2208 συντελέσαι
1170 2158 1263 2220 ποιη-

98 2255 208 2305 σαντα
232 2233 348 2310 οὕτως.
375 2235 459 2300 κατὰ
483 2233 604 2309 τόπους
626 2241 681 2322 τῆς
702 2233 809 2324 χῶρας
831 2237 889 2311 τοὶς
914 2233 1181 2324 ἐπικαιροτάτους
1197 2241 1263 2304 τῶν

98 2334 186 2403 ὁδῶν
204 2337 340 2422 διέλαβε
348 2344 511 2422 σταθμοῖς
518 2387 530 2416 ,
557 2339 616 2404 ἐπί
630 2362 667 2404 τε
683 2336 809 2413 τούτοις
826 2339 861 2404 ἐκ
877 2336 1029 2426 χαράκων
1052 2344 1107 2402 καὶ
1123 2343 1190 2403 τῶν
1206 2363 1263 2402 κα-

96 2437 213 2522 λάμων
228 2444 295 2505 τῶν
312 2462 348 2504 τε
365 2441 519 2506 οἰσυίνων
536 2437 732 2524 ἐπεβάλλετο
750 2440 868 2526 σκηνάς
885 2439 1054 2528 χωρούσας
1071 2436 1136 2506 άνδι
1149 2463 1261 2528 τετρα-

95 2546 227 2615 κοσίους
249 2537 371 2629 άνδρας
394 2549 448 2606 καὶ
467 2543 599 2616 πλείους
622 2542 689 2620 ἐτι,
716 2543 827 2616 καθῶς
850 2539 893 2608 dv
916 2543 1102 2608 ἐκποιῶσιν
1117 2539 1151 2606 οἵ
1165 2539 1263 2624 τόποι

96 2645 137 2708 τδ
155 2639 183 2707 τ’
201 2639 268 2708 άπδ
286 2649 352 2708 τῶν
368 2641 498 2710 πόλεων
515 2644 678 2722 δέξασθαι
694 2651 748 2708 καὶ
765 2649 832 2708 τῶν
848 2647 965 2728 κοιμῶν
980 2644 1099 2726 μέλλον
1116 2643 1263 2730 ἐπιῤῥεῖο

96 2747 241 2830 πλῆθος.
268 2745 417 2812 ἐνταῦθα
443 2745 478 2810 δὲ·
501 2747 634 2830 λέβητας
657 2747 819 2830 ἐπέστησε
840 2749 943 2832 κρεῶν
963 2743 1191 2810 παντοδαπῶν
1207 2766 1262 2826 με·

97 2845 215 2930 γάλους
222 2895 235 2924 ,
262 2846 317 2920 οῦς
332 2848 398 2934 πρδ
417 2847 570 2912 ἐνιαυτοῦ
587 2855 641 2912 καῑ
658 2848 724 2934 πρὸ
741 2851 801 2912 τοῦ
817 2847 947 2930 μέλλειν
962 2841 1263 2936 μεταπεμψάμενος

94 2954 245 3030 τεχνίτας
269 2949 302 3027 ἐξ
326 2945 435 3014 ἄλλοιν
457 2947 588 3014 πόλεων
610 2945 848 3030 ἐχαλκεύσατο,
879 2945 1015 3031 θύματα
1037 2947 1074 3014 δὲ
1103 2944 1262 3030 καταβάλ-

95 3053 220 3116 λεσθαι
242 3047 374 3137 ’ταύρων
398 3057 452 3115 καὶ
478 3057 567 3118 συῶν
590 3058 644 3116 καὶ
666 3048 842 3138 προβάτων
863 3074 900 3116 τε
921 3057 976 3114 καὶ
996 3051 1123 3114 λοιπῶν
1138 3053 1263 3132 κτηνῶν

100 3149 233 3238 ἑκάστης
262 3149 381 3238 ἡμέρας
405 3150 533 3238 πολλά,
567 3157 689 3226 πίθους
718 3175 755 3236 τε
785 3154 876 3216 οἴνου
905 3147 1180 3238 παρεσκευάσθαι
1208 3155 1263 3212 καὶ

100 3256 226 3340 πλῆθος
243 3249 390 3338 άλφίτων
406 3257 660 3340 πεφυραμένων.
686 3260 740 3316 καὶ
765 3247 804 3318 οῦ
819 3250 941 3334 μόνον,
966 3258 1079 3337 φησιν,
1107 3248 1141 3316 or‘
1154 3273 1262 3337 παρα-

97 3353 261 3438 γινόμενοι
286 3360 352 3420 τῶν
368 3356 533 3420 Γαλατῶν
556 3351 624 3419 άπὸ
649 3357 715 3418 τῶν
739 3359 855 3436 κοιμῶν
878 3360 933 3417 καὶ
952 3357 1018 3418 τῶν
1035 3350 1165 3418 πόλεων
1182 3347 1261 3414 otas-

96 3460 218 3535 λαυον,
244 3451 328 3522 aitte
351 3464 405 3520 καὶ
428 3455 462 3532 or‘
474 3454 656 3543 ,παριόντες
672 3459 759 3534 ξένοι
775 3453 841 3520 rimi
859 3460 926 3522 τῶν
942 3451 1169 3540 ἐφεστηκότων
1185 3457 1263 3516 παί-

96 3559 165 3624 δων
183 3555 240 3623 οῦκ
250 3555 409 3644 ἠφίεντο,
437 3562 497 3632 ἕως
514 3555 557 3623 δν
573 3555 781 3641 μεταλάβωσι
798 3560 864 3622 τῶν
880 3557 1238 3643 παρασκευασθέντων.

166 3693 274 3758 Verba
300 3709 376 3758 sunt
393 3691 544 3758 editionis
561 3691 816 3771 Dindorfianae,
842 3689 941 3755 dubia
964 3701 1074 3754 autem
1099 3687 1263 3754 nonnulla.

104 3795 171 3858 Pro
189 3801 242 3857 καὶ
259 3799 326 3860 τῶν
342 3792 497 3877 καλάμων
514 3799 581 3859 τῶν
597 3807 634 3860 ’τε
651 3795 805 3858 οἰσυίνων
822 3791 1028 3857 scribendum
1048 3801 1127 3877 puto
1140 3797 1195 3854 καὶ
1208 3815 1263 3853 κοι-

97 3893 212 3978 λάμοιν
237 3895 391 3962 οἰσυίνων
414 3920 469 3974 τε,
503 3897 528 3960 si
554 3907 662 3960 tamen
688 3891 819 3959 οἰσύϊνα
842 3893 959 3958 οοιῐεεο
981 3891 1180 3957 substantivo
1205 3913 1264 3956 suo

96 3997 284 4083 significare
295 4007 400 4082 potest
415 3999 550 4084 „virgae
564 3996 631 4061 sive
644 4005 751 4060 orales
764 3995 963 4080 salignoae“,
977 3993 1064 4081 quod
1073 4015 1113 4058 ex
1125 3992 1264 4058 Homeri

96 4097 212 4178 0d.V,
230 4106 315 4178 256,
332 4101 386 4162 ubi
396 4097 488 4185 ῥῖπες
501 4094 740 4174 εοοῑοίσύίναι,
756 4117 819 4160 non
829 4097 987 4184 sequitur.
1014 4090 1140 4166 Καθῶς
1152 4115 1264 4178 repre-

10 4227 11 4234 *
96 4200 232 4264 hensum
244 4197 270 4264 ¹a
287 4199 477 4286 Phrynicho
490 4200 525 4269 h.
542 4223 571 4263 v.
588 4234 642 4248 —-
658 4199 805 4265 ἐκπονεῖν
819 4209 868 4263 est
885 4197 1036 4262 sulficere
1052 4193 1189 4283 (Athen.
1200 4195 1262 4274 IV,

97 4325 130 4388 p.
148 4309 232 4380 167,
250 4301 310 4388 (3).
346 4301 508 4380 δέξασθαι
530 4301 632 4386 igitur
650 4323 689 4364 eo
708 4298 914 4364 referendum
933 4305 968 4361 et
986 4295 1177 4361 vertendum
1196 4305 1262 4359 est:

94 4407 133 4464 ut
157 4402 234 4468 loca·
251 4403 441 4469 sulficerent
458 4402 498 4470 ad
517 4400 743 4488 excipiendam
770 4397 1009 4466 multitudinem
1034 4407 1098 4462 eto.
1118 4417 1162 4446 -‘
1189 4395 1262 4486 Πρὸ
