2950 5060
790 334 858 408 84

246 594 321 638 τινα
344 576 399 636 καί
421 566 523 640 ἄλλον
545 576 599 638 καλ
622 565 726 638 orinia
747 569 1008 656 ἐπιμεληθέντα,
1042 565 1143 644 οὕτως
1166 569 1421 658 ἐξαπατηθῆναι
1455 591 1457 594 ·

243 673 304 759 τῆν
327 670 478 740 διάνοιαν
501 679 556 738 καὶ
580 672 810 758 διαφθαρῆναι
833 667 901 740 insi
925 675 980 756 τῆς
1003 667 1140 760 ἆκαίρου
1161 677 1302 760 τρυφῆς,
1328 673 1421 740 ὥστε

242 773 303 842 τδν
319 772 432 843 πάντα
448 773 569 864 χρόνον
584 769 763 858 δπσλαβεῖν
778 771 982 858 βιάσεσθαι,
1008 780 1064 840 καί
1087 773 1213 854 λέγειν,
1242 773 1293 840 ὅτι
1314 772 1421 858 μόνος

243 874 333 964 εὕροι
349 882 409 963 τῆν
425 873 637 945 ἀθανασίαν.
663 873 937 959 κατατεινόμενον
950 869 1010 942 οὖν
1021 871 1088 942 ὕπὸ
1101 873 1270 962 ποδάγρας
1282 879 1421 952 πλείους

241 975 375 1067 ἡμέρας,
397 977 440 1054 δός
456 976 530 1046 ποτ’
548 972 608 1045 οὖν
624 975 758 1066 &ludina
772 985 827 1044 καλ
838 977 967 1044 κατεῖδε
979 974 1035 1042 διά
1050 1001 1152 1043 τινων
1164 974 1420 1062 ὑπολαμπάδων

242 1081 318 1154 τοῦς
340 1082 538 1162 Αἰγυπτίους
560 1080 655 1169 παρὰ
678 1079 738 1146 τὸν
754 1079 909 1162 ποταμὸν
935 1075 1267 1167 ἀριστοποιουμένους
1292 1087 1348 1144 καῖ
1374 1081 1418 1146 τὰ

242 1179 383 1264 τυχόντα
406 1186 689 1270 προςφερομένους
713 1181 772 1248 ἐπί
800 1205 832 1246 τι
853 1184 910 1266 τῆς
934 1176 1042 1264 άμμου
1066 1177 1166 1264 χόδην
1191 1179 1415 1268 ἐρριμμένους,

242 1285 354 1362 εἶπεν,
380 1280 434 1361 „ri
451 1282 553 1358 τάλας
568 1281 631 1366 lyei
638 1331 651 1363 ,
677 1282 715 1348 τὸ
731 1281 813 1368 μηδὲ
829 1278 955 1350 τούτων
971 1285 1031 1350 ἕνα
1048 1285 1246 1362 γενέσθαι.“
1451 1363 1457 1376 ,

304 1381 584 1470 Ὑπολαμπάδας,
617 1386 828 1452 casaubonus
851 1381 950 1466 diuit,
976 1382 1080 1448 rideri
1105 1381 1286 1469 specularia
1311 1406 1413 1471 quae-

243 1485 318 1554 dam
337 1509 419 1566 esso,
445 1487 532 1574 quod
552 1509 617 1552 non
635 1485 731 1573 plane
749 1485 913 1552 illustrent
929 1483 1128 1564 cubiculum,
1154 1483 1211 1550 sed
1232 1483 1319 1550 velut
1336 1487 1411 1550 auh-

241 1588 355 1654 lustris
370 1590 473 1654 uoctis
490 1589 668 1676 imaginem
686 1586 854 1667 inducant,
877 1585 953 1652 alibi
970 1608 1006 1651 se
1024 1607 1134 1674 vonam
1155 1605 1218 1650 non
1235 1587 1411 1672 reperisse3

242 1685 576 1777 ἀριστοποιουμένους
600 1698 709 1756 auteur
733 1687 798 1756 diei
822 1687 1004 1774 Aegyptios
1028 1684 1163 1752 tortasse
1189 1709 1248 1774 per
1269 1689 1410 1754 occasio-

244 1812 317 1857 nem
336 1789 530 1876 δημοτελοῦς
548 1787 668 1878 ἑορτῆς.
713 1790 766 1856 De
784 1788 955 1876 postremis
974 1789 1078 1854 verbis
1098 1784 1123 1852 ai
1141 1786 1242 1862 τάλας
1258 1799 1323 1856 eto.
1343 1789 1410 1854 lau-

241 1887 340 1960 datur
357 1892 594 1961 Valckenarius
618 1891 661 1960 ad
686 1892 770 1958 Eur.
796 1890 923 1956 Phoen.
946 1895 1064 1970 1716,
1089 1891 1145 1978 qni
1170 1912 1211 1956 ax
1238 1891 1410 1956 Enstnthio

241 1991 284 2058 ad
311 1992 376 2058 Οδ.
402 1995 444 2072 V,
473 2017 506 2080 p.
533 1999 621 2072 536,
643 1993 685 2060 F.
719 2015 760 2075 με
782 1988 915 2078 adjecit.
957 1991 999 2056 In
1022 1992 1091 2078 ipsa
1115 1993 1302 2058 narratione
1326 2015 1409 2080 quae

240 2094 475 2161 inunnoinnitas
498 2104 548 2160 est
570 2092 721 2180 adeoque
742 2092 955 2180 perversitas,
980 2093 1148 2158 Athenaeo
1173 2093 1328 2174 tortasse,
1354 2094 1409 2180 qui

242 2195 385 2265 omisisse
420 2194 580 2283 quaedam
616 2194 764 2276 videtur,
807 2193 914 2281 magis
947 2217 1045 2281 quam
1081 2194 1268 2282 Phylarcho
1304 2195 1408 2282 impu-

244 2295 342 2362 tanda
368 2308 429 2364 est.

311 2397 431 2464 Athen.
445 2399 511 2476 XI,
537 2421 569 2490 p.
585 2397 727 2479 462,Β.
762 2398 903 2470 Πολλοῖς
920 2397 957 2463 δὲ
973 2394 1060 2462 uul‘
1045 2423 1063 2463 ο
1080 2397 1118 2464 έν
1130 2393 1348 2484 Ἰλλυριοῖς’
1309 2422 1409 2471 τοπος

242 2495 430 2586 περιβόητός
446 2494 572 2566 ἔστιν“
556 2523 574 2565 ο
591 2497 856 2594 καλούμενοςι
805 2495 953 2578 Κά,λικες
979 2495 1100 2588 παρ’
1083 2525 1108 2562 ω
1096 2493 1198 2566 ἐστι
1215 2524 1254 2564 το
1241 2496 1407 2583 Κάδμου

241 2607 296 2664 καὶ
307 2596 482 2689 Ἁρμονίας
497 2607 674 2685 μνημεῖον,
701 2595 743 2675 ὡς
760 2595 888 2688 ιστορεῖ
904 2597 1075 2690 Φύλαρχος
1091 2601 1129 2667 ἐν
1145 2627 1184 2696 τη
1169 2601 1338 2690 δευτέρᾳ
1355 2608 1407 2666 καὶ

241 2703 370 2796 εῖκοστῆ
386 2707 453 2769 τῶν
469 2701 634 2790 ιστοριιῖν.

308 2776 388 2870 Friit
412 2805 516 2892 igitur
541 2803 631 2870 locus
655 2803 743 2869 ille
733 2825 766 2868 ιο
790 2801 1033 2874 Encheleorum
1058 2815 1148 2870 terra
1164 2801 1208 2869 ad
1226 2803 1406 2872 Ceraunios
1454 2789 1455 2883 l

241 2913 377 2972 montes.
421 2903 572 2990 Apollon
595 2903 700 2969 Rhod
718 2903 781 2984 IV,
800 2907 885 2973 517.

697 3083 1016 3148 nto-xxm‘

310 3149 426 3270 hthen.
445 3171 528 3272 xil.
556 3227 587 3293 p.
608 3205 754 3288 539,B.
799 3193 1020 3297 Φυλαρχοςδ’
1037 3207 1129 3304 ἔντη
1146 3235 1244 3303 τριτη
1253 3211 1403 3276 καῑεκο

241 3306 302 3398 στῆ
318 3309 385 3370 τῶν
402 3303 556 3394 ιστοριῶν
572 3315 626 3372 και
639 3303 877 3396 Ἀγαθαρχίδης
893 3307 1058 3386 δΚνίδιος
1075 3311 1113 3378 ἐν
1129 3337 1174 3400 τῳ
1160 3310 1315 3400 δεκάτην
1329 3321 1403 3400 περὶ
1451 3329 1452 3360 ἐ

236 3399 349 3480 Ἀσίας
379 3414 434 3472 καὶ
464 3407 538 3482 τοὺς
562 3405 709 3498 ἑταίρους
734 3417 815 3496 φησὶ
838 3412 914 3486 τοὺς
934 3407 1145 3502 Αλεξάνδρου
1175 3407 1452 3506 διιερβαλοόση

239 3513 346 3600 τρυφῆ
367 3503 573 3597 χρήσασθαι.
601 3501 648 3576 (όν
670 3507 765 3585 εἷς’
739 3536 786 3578 ων
808 3519 862 3577 καὶ
871 3510 999 3597 ’Ἅγνων
1014 3520 1153 3604 χρυσοῦς
1168 3513 1262 3601 ῆλους
1279 3515 1316 3582 ἐν
1333 3525 1404 3590 ταῖς

239 3617 372 3702 κρηπῖσι
388 3617 443 3676 καῖ
459 3619 527 3687 τοῖς
543 3607 752 3698 υποδῆμασιν
774 3603 903 3703 ἐφόρει.
939 3615 1075 3690 Κλεῖτος
1092 3617 1145 3695 δὲ,
1174 3641 1192 3682 υ
1179 3613 1331 3692 ιΛευκὸς
1347 3644 1402 3682 κα-

238 3707 456 3793 λοόμενος,”’
436 3737 491 3779 οτε
513 3717 719 3801 χρηματίζειν
741 3715 872 3798 μέλλοι,
899 3717 956 3784 ἐπὶ
978 3724 1161 3808 πορφυρῶν
1177 3717 1317 3801 ἱματίων
1334 3720 1401 3784 δια-

239 3818 432 3898 περιπατῶν
448 3823 516 3888 τοῖς
532 3813 765 3898 ἐντυγχάνουσι
782 3817 950 3901 διελέγετο.
995 3820 1215 3908 Περδίκκριὲ
1181 3821 1215 3886 δὲ
1239 3847 1295 3885 και
1284 3823 1401 3909 Κρα-

237 3918 322 4000 τερῷ
339 3915 660 4000 φιλογυμναστοῦσιν
676 3914 878 4006 ἠκολούθουν
895 3921 1054 4010 διφθέραι
1071 3923 1241 3988 σταδιαῖαι
1263 3931 1331 3997 τοῖς
1347 3947 1400 4007 με·

238 4019 391 4096 γέθεσιν,
417 4012 473 4102 ὑφ’
491 4017 542 4092 αίς
558 4018 854 4105 περιλαμβάνοντες
870 4021 977 4089 τόπον
992 4023 1030 4090 ἐν
1045 4031 1117 4098 ταῖς
1133 4043 1400 4114 καταστρατοπε·

238 4115 339 4190 δείαις
367 4116 600 4201 ἐγυμνάζοντο·
631 4117 802 4204 ἠκολούθει
827 4124 863 4190 δὲ
888 4121 997 4199 αδτοῖς
1022 4133 1076 4190 καὶ
1098 4123 1256 4208 ὑποζύγια
1279 4128 1400 4204 πολλοὶ,
1446 4177 1447 4208 r

236 4217 281 4287 τὰ
295 4217 356 4304 τῆν
371 4217 462 4288 κόνιν
477 4225 650 4306 nonaum
666 4224 749 4310 πρὸς
764 4249 824 4310 την
837 4225 878 4292 ἐν
889 4251 928 4321 τη
912 4229 1133 4316 ’παλαίστρα
1147 4233 1272 4316 χρείαν.
1296 4227 1447 4295 Λεον-

237 4315 325 4407 νότῳ
350 4320 386 4388 δὲ
408 4329 463 4390 sat
479 4321 642 4412 Μενελάῳ
660 4322 939 4414 φιλοκυνήγοις
900 4349 995 4396 ουσιν
1012 4325 1146 4396 αδλαῖαι
1164 4330 1310 4397 σταδίων
1327 4327 1399 4395 isa·

234 4420 295 4485 τδν
309 4417 528 4508 δμολοόθουν,
556 4425 593 4490 orl
592 4449 607 4499 ς
622 4425 850 4514 παραστάντες
865 4429 925 4504 τὰς
940 4429 1047 4520 θῆρας
1063 4430 1252 4518 ἐκυνήγουν.
1285 4431 1344 4506 τὰς
1362 4433 1398 4498 δὲ
