2950 5060
210 557 269 620 τοῦ
292 553 432 637 μέλλειν.
474 551 702 620 casaubonus:
736 551 858 640 „Ferri
877 559 983 638 potest
1007 550 1143 617 fortasse
1173 549 1255 642 haee
1283 551 1381 618 leutio
1461 631 1462 634 Ἴ

214 667 410 745 „antequam
430 635 565 720 deberet
582 675 776 746 quemquam
795 652 983 739 excipere“.
1037 653 1145 738 Magis
1169 662 1277 718 tamen
1303 677 1381 740 pro·
1461 647 1462 664 ¹

211 763 306 838 bem,
331 757 419 852 quari
436 755 610 844 aliquando
631 777 837 842 reposueram
863 753 929 842 πρδ
952 757 1011 820 τοῦ
1035 754 1255 837 ἐπαγγέλλειν.
1300 757 1380 821 Νοιι

214 861 317 927 muita
335 868 410 927 ante
427 860 582 944 scriptum
603 869 652 923 ast
668 857 928 940 ἐπαγγείλασθαι
950 853 1104 928 ἑστιᾶσαι
1120 854 1277 930 Γαλάτας
1293 854 1380 921 πάν-

213 969 308 1036 ταςίί.
351 959 695 1051 Schweighaeusert,
699 960 761 1036 ,Ex
781 957 893 1024 iisdem
910 956 1019 1022 'v‘erhis
1038 956 1133 1024 modo
1151 981 1169 1022 a
1185 960 1381 1024 Casauhono

213 1063 320 1130 citatis
344 1061 483 1147 intelligi
510 1071 637 1148 poterat
660 1060 725 1152 πρδ
751 1065 809 1126 τοῦ
831 1057 999 1143 μέλλεινι
985 1064 1175 1126 εστιᾶσαιίέ.
1219 1060 1382 1126 Conferre
1461 1055 1462 1060 ¹

143 1245 149 1256 ι
214 1165 350 1230 fortasse
376 1184 496 1250 operae
521 1161 660 1248 pretium
684 1171 734 1226 est
761 1161 931 1226 Demosth.
957 1160 998 1226 de
1021 1161 1100 1225 Cor.
1126 1183 1156 1246 p.
1175 1169 1261 1241 292,
1280 1163 1323 1226 R.
1341 1161 1382 1226 τὸ
1461 1195 1462 1218 2

215 1271 276 1350 μὲν
291 1249 406 1350 λη’μελλε
423 1268 490 1329 τῶν
507 1253 635 1340 δεινῶν,
661 1287 699 1326 το
687 1259 748 1325 δ
764 1257 821 1348 ηδη
838 1259 949 1347 παρην
965 1273 999 1327 et
1020 1258 1137 1356 Polyb.
1151 1263 1219 1341 III,
1242 1272 1326 1343 112,
1346 1267 1381 1332 5

165 1361 167 1364 ¹
215 1364 461 1452 Βαρότατος
424 1389 483 1452 γαρ
502 1363 539 1450 δη
556 1369 662 1428 πᾶσιν
680 1357 870 1487 ἆνθρῶπηις
891 1359 909 1430 δ
926 1389 984 1428 του
969 1365 1180 1446 μέλλειν
1147 1388 1288 1448 γιγνεται
1305 1361 1380 1451 χρό-

217 1492 287 1541 νος.
315 1462 451 1532 ὅτανδ’
477 1463 565 1544 άπαξ
582 1469 696 1558 κριθῇ,
724 1463 760 1543 δ’,
770 1491 802 1530 τι
825 1461 868 1532 δν
887 1459 904 1557 ᾗ
922 1461 1065 1546 πάσχειν
1083 1463 1220 1538 πάντων
1243 1471 1309 1532 τῶν
1326 1465 1381 1532 δο-

216 1567 361 1635 ιιοόντων
376 1569 463 1634 εἶναι
481 1567 596 1633 δεινῶν
613 1563 841 1650 ὑπομενετέον.
881 1565 942 1632 Ubi
962 1591 1020 1632 του
1005 1562 1165 1650 μέλλειν
1181 1565 1297 1656 χρόνος
1316 1591 1381 1632 non
1461 1619 1462 1624 ,

215 1667 369 1736 verterim
394 1692 468 1734 eum
493 1663 801 1756 Schweighaeusero
827 1665 966 1755 (Adnot.
991 1667 1033 1734 ad
1059 1669 1089 1742 h.
1110 1667 1385 1756 I.)eunctationis

216 1783 363 1858 tempus,
369 1765 446 1836 sed
464 1780 611 1860 tempus,
639 1767 692 1836 ubi
710 1769 788 1858 quid
807 1770 965 1836 imminet.

712 1954 797 2012 nra.
818 1955 885 2011 lv.

286 2073 405 2164 Athen.
423 2075 520 2154 VIII,
545 2095 577 2160 p
598 2075 742 2162 333,A.
785 2073 853 2138 Καὶ
865 2069 1096 2161 Φόλαρχοςδ’
1114 2075 1151 2141 έν
1168 2073 1306 2168 τετάρτη
1324 2073 1385 2140 ἓω-

218 2179 381 2274 ρακέναι
372 2173 463 2250 τἰνάς
485 2176 653 2272 πολλαχου
676 2174 735 2240 τδν
757 2173 882 2242 usust
862 2195 991 2268 υσαντα
1016 2174 1148 2263 ίχθόσι,
1175 2175 1329 2252 πολλάκις
1348 2177 1385 2242 δὲ
1461 2159 1462 2186 ¹

217 2285 271 2344 καί
288 2285 425 2365 ποροίς,
447 2281 506 2343 τοῦ
523 2274 624 2344 αὐτου
609 2259 877 2362 συμβαίνοντος
894 2285 948 2342 καὶ
965 2278 1021 2342 έπλ
1038 2278 1221 2366 βατράχων

288 2377 388 2444 Ad'
357 2380 510 2466 piscium,
537 2401 689 2445 ranarum
709 2385 747 2445 au
770 2378 870 2445 tritici
892 2380 1011 2444 imbres
1032 2380 1305 2467 quemadmodum
1325 2381 1385 2446 de-

220 2481 344 2547 venerit
364 2479 579 2574 Phylarchus,
604 2459 723 2566 ducere
740 2481 869 2547 ridetur
886 2482 1064 2572 Appianas,
1090 2505 1109 2546 a
1132 2483 1386 2576 Schweighaeu-
1461 2567 1462 2570 Ἴ

217 2604 291 2648 sero
309 2580 471 2672 laudatus,
496 2581 590 2670 Iiiyr.
611 2584 651 2648 4·
675 2577 858 2670 Αόταριέας
879 2580 981 2676 (gens
999 2581 1166 2670 liiyr)‹i
1182 2585 1386 2668 καλέκθεο-

218 2669 378 2768 βλαβείας
376 2671 584 2758 ’Λπόλλωνος
607 2683 681 2758 έςἸ
662 2703 804 2764 εσχατον
820 2709 919 2750 κακον
904 2686 1134 2772 περιελθεῖν.
1178 2683 1386 2773 Μολιστόμιμ

219 2809 279 2872 γαρ
305 2780 425 2874 αότοδς
448 2791 502 2850 καὶ
526 2773 662 2900 Κελτοῖς
684 2793 752 2860 τοίς
773 2787 929 2874 Κίμβροις
952 2787 1136 2870 λεγομένοις
1159 2788 1215 2874 ἐπὶ
1235 2789 1387 2912 Δεληιοῦς

220 2890 480 2973 συστρατεῦσαι,
513 2893 567 2950 καλ
591 2867 762 2974 φθαρῆναι
785 2893 824 2970 μ
828 2912 847 2954 ν
870 2883 986 2952 αοτίκα
1010 2888 1085 2962 τούς
1106 2891 1250 2963 πλέονας
1274 2885 1387 2956 αότῶν

171 3075 173 3082 y
220 3011 285 3082 προ
273 2983 590 3074 snaxsiptasagf
573 2993 676 3053 υετῶν
694 2993 791 3074 σφίσι
815 2995 868 3052 καλ
885 2990 1023 3075 θυέλλης
1046 2997 1100 3054 καὶ
1116 2988 1312 3078 πρηστήρων
1329 2993 1385 3074 έμ-

219 3084 402 3154 πεσόντων.
421 3088 686 3168 έπιγενέσθαιέ
651 3089 686 3156 δέ
703 3097 771 3163 τοῖς
787 3085 1080 3181 δποστρέψασιν”
1057 3115 1196 3181 απειρον
1211 3090 1388 3181 βατράχων

219 3191 364 3274 πλῆθος,
399 3193 435 3256 οἳ
453 3189 670 3265 διασαπέντες
700 3191 753 3256 τά
767 3189 901 3284 νάματα
921 3193 1127 3280 διέφθειραν.
1175 3197 1226 3261 De
1253 3195 1386 3282 reipsa
1461 3251 1462 3296 η

218 3290 283 3355 vid.
307 3313 393 3376 quae
421 3293 461 3356 ab
490 3291 658 3387 Athenaea
687 3291 758 3358 ead.
790 3295 911 3384 pagina
942 3318 960 3358 e
988 3295 1115 3360 Ph'ania
1144 3306 1178 3386 et
1203 3297 1387 3362 Heraclide

221 3393 345 3457 Lembo
373 3391 558 3458 laudantur.

285 3468 403 3584 Athen.
423 3494 486 3558 IX.
514 3518 545 3581 p.
566 3497 652 3574 401,
678 3497 722 3562 D.
766 3497 835 3560 Καὶ
858 3497 1016 3563 Αίτωλων
1039 3442 1075 3564 δὲ
1100 3498 1173 3564 οἶδα
1200 3499 1386 3586 στρατηγὸν
1461 3445 1462 3456 ¹

219 3575 390 3681 Σόαγρον,
418 3589 456 3662 οὗ
471 3593 664 3682 μνημονεύει
684 3595 854 3686 Φύλαρχος
870 3598 908 3666 έν
924 3587 1061 3694 τετάρτη
1079 3597 1243 3690 ιστοριιόν.

710 3781 794 3838 nin.
816 3783 883 3838 VI·

286 3898 401 3964 Athen.
420 3900 489 3980 III,
516 3922 547 3986 p.
568 3907 629 3977 81,
648 3901 688 3966 Ε.
735 3899 906 3990 Φόλαρχος
929 3898 962 3966 δ’
985 3901 1023 3970 έν
1045 3907 1085 3996 τῇ
1108 3906 1182 3996 ἔντη
1205 3905 1273 3968 τῶν
1294 3901 1384 3970 Ιστο-
1461 3915 1462 3960 ἒ

216 4003 297 4087 pauiu
319 3999 361 4064 rui
385 3997 525 4068 κυδώνιά
547 4022 629 4088 φησι
651 4005 738 4088 μῆλα
759 4029 798 4096 τη
815 3999 934 4088 εόωδίηι
950 4011 1005 4070 καὶ
1022 4005 1081 4078 τὰς
1097 4009 1165 4070 τῶν
1180 4009 1386 4088 θανασίμων

214 4098 397 4194 φαρμάκων
418 4101 569 4186 δυνάμεις
592 4100 831 4186 ἀπαμβλύνειν.
857 4106 898 4172 τδ
921 4111 999 4188 γοῦν
1018 4107 1190 4194 Φαριακὸν
1206 4103 1386 4194 φάρμακον
1461 4113 1462 4142 ³

214 4202 375 4287 ἐμβληθέν
392 4224 495 4289 φησιν
512 4207 556 4279 εἰς
573 4205 687 4292 ῥίσκον
704 4205 752 4269 ἔτι
768 4202 916 4272 δδωδότα
933 4203 1002 4274 ἆπδ
1020 4213 1074 4294 τῆς
1091 4213 1158 4274 τῶν
1179 4205 1291 4293 μήλων
1299 4205 1384 4276 ιτοό-

212 4327 280 4370 των
296 4309 483 4380 συνθέσεως
500 4307 646 4392 ἐξίτηλον
662 4311 837 4387 γενέσθαι,
856 4309 907 4395 ,μη
930 4314 1076 4398 τηρῆσαν
1098 4309 1158 4396 την
1177 4299 1267 4376 ἰδίαν
1284 4308 1383 4378 δόνα-

211 4429 286 4486 μιν.
310 4413 476 4492 κερασθὲν
492 4413 570 4488 γοῦν
586 4413 641 4474 καὶ
659 4408 762 4476 δοθὲν
779 4417 869 4478 πιεῖν
885 4418 953 4485 τοῖς
967 4412 1012 4486 είς
1025 4415 1122 4478 τοῦτο
1138 4411 1386 4500 ἐνεδρευθεῖσιν
