2950 5060
662 451 965 464 »ue-affl

776 506 779 515 ι

233 615 265 679 p.
292 601 362 660 271
400 589 494 656 hice
527 587 711 677 Phylarcho
736 587 825 654 locus
848 596 995 654 servatus
1018 586 1060 654 sit
1090 587 1153 652 eici
1178 583 1208 650 δ’
1236 587 1271 654 ai
1290 586 1401 672 μόθα-

232 717 285 767 κες
308 691 487 780 σύντροφοι
515 696 582 756 τῶν
605 690 890 772 Λακεδαιμονίων.
924 691 1059 762 ἕκαστος
1089 690 1149 776 γὰρ
1181 695 1247 756 τῶν
1272 693 1400 756 mairra-
1456 759 1457 762 ,

234 801 301 861 κῶν
325 795 473 870 παίδων,
501 789 543 865 ὡς
566 789 609 858 ἂν
632 799 686 856 καὶ
709 791 752 856 rai
774 791 843 856 ἴδια
868 785 1064 868 huardum,
1092 789 1126 856 oi
1147 797 1208 874 μὲν
1229 795 1289 858 ἕνα
1313 792 1400 864 aida
1456 799 1457 866 l

233 895 312 976 dria,
338 902 422 970 τινὲς
444 895 481 960 δὲ
504 896 635 967 πλείους
660 897 835 960 ποιοῦνται
858 890 1064 980 συντρόφους
1089 889 1198 960 αὑτῶν
1224 905 1307 974 etc,
1335 918 1399 960 nou

234 997 424 1065 incredibile
448 1007 513 1074 est,
547 993 644 1082 hujus
669 994 710 1062 de
734 995 936 1062 mothacihus
959 995 1184 1082 explicationis
1207 999 1400 1082 opportuni·
1456 1023 1457 1088 3

233 1111 334 1166 tatem
355 1099 468 1164 iecisse
484 1098 701 1164 narrationem
723 1096 765 1164 de
782 1097 978 1184 ephororum
997 1094 1110 1174 caede,
1137 1122 1155 1162 e
1179 1119 1244 1183 qua
1264 1098 1399 1179 Plutar-

234 1201 316 1268 chus
338 1200 474 1266 tortasse
498 1211 533 1265 et
556 1201 625 1286 i'pse
641 1221 708 1270 ,sua
730 1199 966 1286 depromserat.
1024 1199 1089 1264 His
1117 1198 1246 1264 uberior
1273 1201 1401 1267 accedit
1456 1219 1457 1222 ’

236 1301 414 1390 Phylarchi
439 1299 480 1366 de
506 1301 592 1366 rictu
617 1301 803 1368 Cleomenis
830 1301 919 1366 locas
944 1323 996 1386 ap.
1020 1299 1139 1366 Athen.
1165 1301 1233 1380 IV,
1261 1325 1291 1388 p.
1317 1306 1400 1380 142,
1456 1359 1457 1368 ,

236 1427 277 1472 ex
304 1403 421 1470 eodem
447 1404 528 1468 libro
551 1401 666 1488 quinto
688 1411 722 1468 'et
740 1404 909 1479 vicesimo,
935 1423 1037 1488 equo
1056 1402 1111 1468 ille
1129 1401 1170 1468 de
1189 1403 1400 1482 mothacibus,
1456 1421 1457 1426 ’

236 1523 334 1593 quem
354 1519 449 1571 nemo
467 1504 560 1570 facile
578 1505 730 1590 negabit,
757 1503 971 1570 Plutarchum
992 1503 1023 1568 iu
1042 1503 1168 1570 Cleom.
1195 1528 1225 1568 c.
1250 1511 1292 1573 13
1324 1517 1401 1572 ante

236 1608 348 1674 oculas
373 1607 529 1672 hahuisse.
574 1607 614 1670 Iu
641 1627 752 1692 pugna
776 1607 817 1672 ad
840 1605 1009 1672 Sellasiam
1035 1604 1265 1684 describenda,
1299 1630 1400 1693 quum

237 1710 369 1776 haurire
386 1708 515 1795 singula
534 1707 642 1774 omnia
661 1718 768 1793 posset
785 1731 805 1774 e
823 1707 982 1795 Polybio,
1007 1717 1160 1772 accurato
1184 1709 1344 1794 imprimis
1368 1721 1401 1775 et
1456 1697 1457 1770 l

235 1812 366 1898 copioso
391 1810 433 1876 dc
457 1834 495 1876 ea
521 1824 575 1890 re,
601 1823 663 1874 uari
689 1809 797 1876 omisit
823 1821 933 1889 tamen
958 1807 1199 1896 Phylarchum‚
1220 1804 1401 1896 'proditoris
1456 1835 1457 1840 ¹

236 1911 427 1999 cujusdam,
459 1933 555 2000 quern
586 1912 672 1978 iuter
700 1912 786 1998 ipsos
815 1904 1008 1978 Cleomenes
1042 1910 1216 1978 familiares
1239 1913 1401 1990 habuerit,
1456 1917 1457 1920 ’

238 2015 403 2102 nequitiae
420 2013 546 2079 cladem
565 2015 772 2079 tribuentem.
819 2012 987 2080 Plutarch.
1006 2012 1132 2078 Cleom.
1153 2021 1210 2081 28.
1248 2014 1401 2101 Denique
1456 2071 1457 2074 ,

237 2113 383 2202 ejusdem
402 2115 609 2202 agnoscimus
627 2114 762 2202 vestigia
781 2115 812 2180 in
829 2116 878 2195 iis,
903 2135 988 2202 quae
1002 2114 1043 2178 de
1056 2126 1204 2180 extrema
1217 2115 1401 2182 Cleomenis

237 2229 326 2284 sorte
342 2216 530 2283 traduntur.
576 2217 770 2302 Discrepant
795 2219 879 2282 enirn
906 2216 948 2282 de
971 2239 1009 2282 ea
1031 2216 1227 2282 Plutarchus
1246 2228 1280 2282 et
1300 2217 1400 2305 Poly·

236 2320 326 2400 hius‚
352 2331 491 2407 quorum
517 2318 589 2398 ille,
615 2329 812 2406 quamquam
837 2318 966 2406 singula
991 2319 1107 2404 passim
1134 2320 1231 2386 verba
1253 2329 1287 2384 et
1313 2319 1401 2386 locu-

237 2421 342 2486 tiones
359 2442 401 2486 ex
420 2417 516 2506 hujus
534 2421 720 2488 narratione
746 2420 894 2487 retulisse
914 2417 1061 2500 videtur,
1087 2431 1195 2487 tamen
1215 2443 1277 2486 non
1297 2421 1399 2488 solum

238 2521 352 2601 habet,
377 2543 461 2608 quae
484 2521 572 2606 apud
598 2521 772 2610 Polybium
797 2521 1025 2588 desiderantur
1055 2520 1117 2610 (V,
1143 2511 1312 2611 tto-w),
1345 2523 1400 2588 sed

237 2625 334 2688 etiarn
360 2623 393 2688 in
417 2623 475 2698 ils,
504 2622 654 2712 quaeda
679 2623 846 2711 Nicagora
869 2624 1030 2690 Messenia
1054 2623 1248 2704 traduntur,
1282 2625 1315 2690 in
1339 2625 1401 2690 alia

237 2726 344 2792 omnia
361 2723 508 2790 discedit.
544 2725 620 2790 flos
638 2725 741 2812 ipsum
760 2738 869 2792 autem
884 2736 1082 2813 argumento
1097 2737 1158 2806 est,
1189 2726 1400 2792 Plutarchum
1456 2797 1457 2816 ,

237 2849 295 2892 sua
313 2849 353 2894 ex
372 2825 486 2893 eodem
508 2825 597 2892 fonte
618 2827 778 2916 hausisse,
804 2851 844 2894 ex
870 2851 937 2915 quo
959 2828 1013 2894 illa
1038 2827 1080 2894 de
1097 2829 1283 2894 Archidami
1301 2828 1402 2895 caede
1456 2891 1457 2904 ,

237 2927 335 2994 ducta
359 2938 444 2992 sunt.
488 2927 670 3018 simultatis
694 2929 798 3008 enirn,
824 2937 908 3017 quae
927 2929 1115 3017 Nicagoras
1132 2947 1205 2996 curn
1225 2931 1401 2997 Cleomene
1456 2911 1457 2988 l

128 3048 134 3054 ’
237 3030 474 3109 intercesserit,
508 3043 653 3118 caussam
680 3029 839 3117 Polybius
871 3053 934 3097 uon
966 3053 1007 3097 ex
1026 3021 1111 3098 ¹aere
1140 3033 1257 3120 repetit
1283 3032 1402 3116 alieno,
1456 3027 1457 3066 l

133 3214 140 3225 Ι
212 3131 327 3218 'quod
355 3155 374 3198 a
398 3127 579 3198 Plutarcho
610 3131 803 3198 Cleomenes
831 3133 918 3221 apud
949 3155 1023 3200 eum
1055 3135 1255 3200 contraxisse
1286 3134 1403 3216 fertur,

151 3286 161 3304 .
237 3233 295 3300 sed
312 3253 354 3299 ex
374 3231 558 3300 Archidami
577 3244 694 3314 morte,
721 3253 817 3323 quem
838 3236 1025 3322 Nicagoras
1043 3235 1215 3324 hospitem,
1241 3238 1402 3304 amicitiae

233 3330 425 3421 jungendae
449 3335 555 3420 specie
577 3335 619 3400 ad
644 3335 848 3404 redeundum
874 3338 906 3402 in
927 3338 1065 3426 patriam
1084 3338 1278 3426 pellectum,
1304 3339 1402 3404 Cleo-

239 3458 349 3502 menes
363 3437 506 3518 interfici
522 3433 665 3522 jusserit.
709 3437 813 3526 Cujus
831 3439 981 3526 facinoris
997 3439 1092 3526 culpa
1111 3461 1210 3528 quum
1231 3441 1401 3506 liberatum
1456 3447 1457 3460 ¹

238 3538 324 3604 hunc
343 3537 550 3626 Phylarchus
568 3539 732 3620 voluisset,
757 3540 853 3608 aliarn
872 3547 1002 3631 quaque
1018 3560 1163 3610 caussam
1183 3565 1313 3610 necesse
1330 3557 1403 3608 erat
1456 3573 1457 3640 y

236 3641 391 3719 afferret,
417 3651 480 3729 qua
500 3639 685 3727 Nicagoras
702 3642 828 3708 Sosibio
851 3659 887 3710 sc'
909 3644 950 3710 ad
969 3642 1171 3731 perdendum
1190 3644 1400 3712 Cleomenem

236 3742 415 3808 obtulisset.
460 3741 559 3808 Unde
585 3760 649 3808 nou
673 3744 885 3832 improbabile
911 3746 1028 3827 luerit,
1054 3745 1269 3814 Plutarchum
1291 3748 1323 3812 iu
1343 3746 1403 3812 hac

236 3862 366 3932 quoque
384 3846 569 3912 narratione
586 3853 733 3914 secutum
752 3847 843 3914 illum
862 3857 1030 3916 auctorem
1048 3871 1129 3916 esse.

668 4173 969 4184 --—-—-.—......
